%% This BibTeX bibliography file was created using BibDesk.
%---------------------------------------------------------------------------------

@article{yang05,
  author   = {{Yang}, H. and {Johns-Krull}, C.~M. and {Valenti}, J.~A.},
  title    = {{Measuring the Magnetic Field of the Classical T Tauri Star TW Hydrae}},
  journal  = {\apj},
  eprint   = {astro-ph/0509549},
  keywords = {Infrared: Stars, Stars: Individual: Constellation Name: TW Hydrae, Stars: Magnetic Fields, Stars: Pre-Main-Sequence},
  year     = 2005,
  month    = dec,
  volume   = 635,
  pages    = {466-475},
  doi      = {10.1086/497070},
  adsurl   = {http://adsabs.harvard.edu/abs/2005ApJ...635..466Y},
  adsnote  = {Provided by the SAO/NASA Astrophysics Data System}
}


@article{mcclure13,
  author        = {{McClure}, M.~K. and {Calvet}, N. and {Espaillat}, C. and {Hartmann}, L. and
                   {Hern{\'a}ndez}, J. and {Ingleby}, L. and {Luhman}, K.~L. and
                   {D'Alessio}, P. and {Sargent}, B.},
  title         = {{Characterizing the Stellar Photospheres and Near-infrared Excesses in Accreting T Tauri Systems}},
  journal       = {\apj},
  archiveprefix = {arXiv},
  eprint        = {1304.0135},
  primaryclass  = {astro-ph.SR},
  keywords      = {infrared: stars, open clusters and associations: individual: Taurus, stars: pre-main sequence },
  year          = 2013,
  month         = may,
  volume        = 769,
  eid           = {73},
  pages         = {73},
  doi           = {10.1088/0004-637X/769/1/73},
  adsurl        = {http://adsabs.harvard.edu/abs/2013ApJ...769...73M},
  adsnote       = {Provided by the SAO/NASA Astrophysics Data System}
}


@article{landolt83,
  author   = {{Landolt}, A.~U.},
  title    = {{UBVRI photometric standard stars around the celestial equator}},
  journal  = {\aj},
  keywords = {Electrophotometry, Reference Stars, Stellar Spectrophotometry, Ubv Spectra, Astronomical Catalogs, Errors, Stellar Color},
  year     = 1983,
  month    = mar,
  volume   = 88,
  pages    = {439-460},
  doi      = {10.1086/113329},
  adsurl   = {http://adsabs.harvard.edu/abs/1983AJ.....88..439L},
  adsnote  = {Provided by the SAO/NASA Astrophysics Data System}
}


@article{guilloteau14,
  author        = {{Guilloteau}, S. and {Simon}, M. and {Pi{\'e}tu}, V. and {Di Folco}, E. and
                   {Dutrey}, A. and {Prato}, L. and {Chapillon}, E.},
  title         = {{The masses of young stars: CN as a probe of dynamical masses}},
  journal       = {\aap},
  archiveprefix = {arXiv},
  eprint        = {1406.3805},
  primaryclass  = {astro-ph.SR},
  keywords      = {circumstellar matter, protoplanetary disks, radio lines: stars},
  year          = 2014,
  month         = jul,
  volume        = 567,
  eid           = {A117},
  pages         = {A117},
  doi           = {10.1051/0004-6361/201423765},
  adsurl        = {http://adsabs.harvard.edu/abs/2014A%26A...567A.117G},
  adsnote       = {Provided by the SAO/NASA Astrophysics Data System}
}

@article{rizzuto16,
  author        = {{Rizzuto}, A.~C. and {Ireland}, M.~J. and {Dupuy}, T.~J. and
                   {Kraus}, A.~L.},
  title         = {{Dynamical Masses of Young Stars. I. Discordant Model Ages of Upper Scorpius}},
  journal       = {\apj},
  archiveprefix = {arXiv},
  eprint        = {1512.05371},
  primaryclass  = {astro-ph.SR},
  keywords      = {binaries: visual, stars: evolution, stars: fundamental parameters, stars: low-mass, stars: pre-main sequence},
  year          = 2016,
  month         = feb,
  volume        = 817,
  eid           = {164},
  pages         = {164},
  doi           = {10.3847/0004-637X/817/2/164},
  adsurl        = {http://adsabs.harvard.edu/abs/2016ApJ...817..164R},
  adsnote       = {Provided by the SAO/NASA Astrophysics Data System}
}


@article{hartmann05,
  author   = {{Hartmann}, L. and {Megeath}, S.~T. and {Allen}, L. and {Luhman}, K. and
              {Calvet}, N. and {D'Alessio}, P. and {Franco-Hernandez}, R. and
              {Fazio}, G.},
  title    = {{IRAC Observations of Taurus Pre-Main-Sequence Stars}},
  journal  = {\apj},
  eprint   = {astro-ph/0505323},
  keywords = {Accretion, Accretion Disks, Infrared: Stars, Stars: Formation, Stars: Pre-Main-Sequence},
  year     = 2005,
  month    = aug,
  volume   = 629,
  pages    = {881-896},
  doi      = {10.1086/431472},
  adsurl   = {http://adsabs.harvard.edu/abs/2005ApJ...629..881H},
  adsnote  = {Provided by the SAO/NASA Astrophysics Data System}
}


@article{czekala16,
  author        = {{Czekala}, I. and {Andrews}, S.~M. and {Torres}, G. and {Jensen}, E.~L.~N. and
                   {Stassun}, K.~G. and {Wilner}, D.~J. and {Latham}, D.~W.},
  title         = {{A Disk-based Dynamical Constraint on the Mass of the Young Binary DQ Tau}},
  journal       = {\apj},
  archiveprefix = {arXiv},
  eprint        = {1601.03806},
  primaryclass  = {astro-ph.SR},
  keywords      = {protoplanetary disks, stars: fundamental parameters, stars: individual: DQ Tau, stars: pre-main sequence},
  year          = 2016,
  month         = feb,
  volume        = 818,
  eid           = {156},
  pages         = {156},
  doi           = {10.3847/0004-637X/818/2/156},
  adsurl        = {http://adsabs.harvard.edu/abs/2016ApJ...818..156C},
  adsnote       = {Provided by the SAO/NASA Astrophysics Data System}
}


@article{herczeg15,
  author        = {{Herczeg}, G.~J. and {Hillenbrand}, L.~A.},
  title         = {{Empirical Isochrones for Low Mass Stars in Nearby Young Associations}},
  journal       = {\apj},
  archiveprefix = {arXiv},
  eprint        = {1505.06518},
  primaryclass  = {astro-ph.SR},
  keywords      = {Hertzsprung{\ndash}Russell and C{\ndash}M diagrams, stars: evolution, stars: formation},
  year          = 2015,
  month         = jul,
  volume        = 808,
  eid           = {23},
  pages         = {23},
  doi           = {10.1088/0004-637X/808/1/23},
  adsurl        = {http://adsabs.harvard.edu/abs/2015ApJ...808...23H},
  adsnote       = {Provided by the SAO/NASA Astrophysics Data System}
}


@article{xiao12,
  author   = {{Xiao}, H.~Y. and {Covey}, K.~R. and {Rebull}, L. and {Charbonneau}, D. and
              {Mandushev}, G. and {O'Donovan}, F. and {Slesnick}, C. and {Lloyd}, J.~P.
              },
  title    = {{A Census of Rotation and Variability in L1495: A Uniform Analysis of Trans-atlantic Exoplanet Survey Light Curves for Pre-main-sequence Stars in Taurus}},
  journal  = {\apjs},
  keywords = {stars: pre-main sequence, stars: rotation},
  year     = 2012,
  month    = sep,
  volume   = 202,
  eid      = {7},
  pages    = {7},
  doi      = {10.1088/0067-0049/202/1/7},
  adsurl   = {http://adsabs.harvard.edu/abs/2012ApJS..202....7X},
  adsnote  = {Provided by the SAO/NASA Astrophysics Data System}
}



@article{grankin08,
  author        = {{Grankin}, K.~N. and {Bouvier}, J. and {Herbst}, W. and {Melnikov}, S.~Y.
                   },
  title         = {{Results of the ROTOR-program. II. The long-term photometric variability of weak-line T Tauri stars}},
  journal       = {\aap},
  archiveprefix = {arXiv},
  eprint        = {0801.3543},
  keywords      = {stars: rotation, stars: fundamental parameters, stars: starspots, stars: variables: general, stars: pre-main sequence},
  year          = 2008,
  month         = mar,
  volume        = 479,
  pages         = {827-843},
  doi           = {10.1051/0004-6361:20078476},
  adsurl        = {http://adsabs.harvard.edu/abs/2008A%26A...479..827G},
  adsnote       = {Provided by the SAO/NASA Astrophysics Data System}
}

@article{williams11,
  author        = {{Williams}, J.~P. and {Cieza}, L.~A.},
  title         = {{Protoplanetary Disks and Their Evolution}},
  journal       = {\araa},
  archiveprefix = {arXiv},
  eprint        = {1103.0556},
  primaryclass  = {astro-ph.GA},
  year          = 2011,
  month         = sep,
  volume        = 49,
  pages         = {67-117},
  doi           = {10.1146/annurev-astro-081710-102548},
  adsurl        = {http://adsabs.harvard.edu/abs/2011ARA%26A..49...67W},
  adsnote       = {Provided by the SAO/NASA Astrophysics Data System}
}

@article{vanderburg14,
  author        = {{Vanderburg}, A. and {Johnson}, J.~A.},
  title         = {{A Technique for Extracting Highly Precise Photometry for the Two-Wheeled Kepler Mission}},
  journal       = {\pasp},
  archiveprefix = {arXiv},
  eprint        = {1408.3853},
  primaryclass  = {astro-ph.IM},
  keywords      = {Data Analysis and Techniques},
  year          = 2014,
  month         = nov,
  volume        = 126,
  pages         = {948-958},
  doi           = {10.1086/678764},
  adsurl        = {http://adsabs.harvard.edu/abs/2014PASP..126..948V},
  adsnote       = {Provided by the SAO/NASA Astrophysics Data System}
}


@article{herczeg14,
  author        = {{Herczeg}, G.~J. and {Hillenbrand}, L.~A.},
  title         = {{An Optical Spectroscopic Study of T Tauri Stars. I. Photospheric Properties}},
  journal       = {\apj},
  archiveprefix = {arXiv},
  eprint        = {1403.1675},
  primaryclass  = {astro-ph.SR},
  keywords      = {stars: low-mass, stars: pre-main sequence},
  year          = 2014,
  month         = may,
  volume        = 786,
  eid           = {97},
  pages         = {97},
  doi           = {10.1088/0004-637X/786/2/97},
  adsurl        = {http://adsabs.harvard.edu/abs/2014ApJ...786...97H},
  adsnote       = {Provided by the SAO/NASA Astrophysics Data System}
}


@article{cottaar14,
  author        = {{Cottaar}, M. and {Covey}, K.~R. and {Meyer}, M.~R. and {Nidever}, D.~L. and
                   {Stassun}, K.~G. and {Foster}, J.~B. and {Tan}, J.~C. and {Chojnowski}, S.~D. and
                   {da Rio}, N. and {Flaherty}, K.~M. and {Frinchaboy}, P.~M. and
                   {Skrutskie}, M. and {Majewski}, S.~R. and {Wilson}, J.~C. and
                   {Zasowski}, G.},
  title         = {{IN-SYNC I: Homogeneous Stellar Parameters from High-resolution APOGEE Spectra for Thousands of Pre-main Sequence Stars}},
  journal       = {\apj},
  archiveprefix = {arXiv},
  eprint        = {1408.7113},
  primaryclass  = {astro-ph.SR},
  keywords      = {open clusters and associations: individual: IC 348 Pleiades, stars: pre-main sequence, techniques: radial velocities, techniques: spectroscopic},
  year          = 2014,
  month         = oct,
  volume        = 794,
  eid           = {125},
  pages         = {125},
  doi           = {10.1088/0004-637X/794/2/125},
  adsurl        = {http://adsabs.harvard.edu/abs/2014ApJ...794..125C},
  adsnote       = {Provided by the SAO/NASA Astrophysics Data System}
}

@article{soderblom10,
  author        = {{Soderblom}, D.~R.},
  title         = {{The Ages of Stars}},
  journal       = {\araa},
  archiveprefix = {arXiv},
  eprint        = {1003.6074},
  primaryclass  = {astro-ph.SR},
  year          = 2010,
  month         = sep,
  volume        = 48,
  pages         = {581-629},
  doi           = {10.1146/annurev-astro-081309-130806},
  adsurl        = {http://adsabs.harvard.edu/abs/2010ARA%26A..48..581S},
  adsnote       = {Provided by the SAO/NASA Astrophysics Data System}
}


@article{baraffe09,
  author        = {{Baraffe}, I. and {Chabrier}, G. and {Gallardo}, J.},
  title         = {{Episodic Accretion at Early Stages of Evolution of Low-Mass Stars and Brown Dwarfs: A Solution for the Observed Luminosity Spread in H-R Diagrams?}},
  journal       = {\apjl},
  archiveprefix = {arXiv},
  eprint        = {0907.3886},
  primaryclass  = {astro-ph.SR},
  keywords      = {accretion, accretion disks, stars: formation, stars: low-mass, brown dwarfs},
  year          = 2009,
  month         = sep,
  volume        = 702,
  pages         = {L27-L31},
  doi           = {10.1088/0004-637X/702/1/L27},
  adsurl        = {http://adsabs.harvard.edu/abs/2009ApJ...702L..27B},
  adsnote       = {Provided by the SAO/NASA Astrophysics Data System}
}


@article{reggiani11,
  author        = {{Reggiani}, M. and {Robberto}, M. and {Da Rio}, N. and {Meyer}, M.~R. and
                   {Soderblom}, D.~R. and {Ricci}, L.},
  title         = {{Quantitative evidence of an intrinsic luminosity spread in the Orion nebula cluster}},
  journal       = {\aap},
  archiveprefix = {arXiv},
  eprint        = {1108.1015},
  keywords      = {stars: formation, stars: low-mass, stars: pre-main sequence, methods: statistical, techniques: photometric, open clusters and associations: individual: Orion nebula cluster},
  year          = 2011,
  month         = oct,
  volume        = 534,
  eid           = {A83},
  pages         = {A83},
  doi           = {10.1051/0004-6361/201116946},
  adsurl        = {http://adsabs.harvard.edu/abs/2011A%26A...534A..83R},
  adsnote       = {Provided by the SAO/NASA Astrophysics Data System}
}


@article{feiden15,
  author        = {{Feiden}, G.~A.},
  title         = {{Stellar Evolution Models of Young Stars: Progress and Limitations}},
  journal       = {ArXiv e-prints},
  archiveprefix = {arXiv},
  eprint        = {1507.06460},
  primaryclass  = {astro-ph.SR},
  keywords      = {Astrophysics - Solar and Stellar Astrophysics},
  year          = 2015,
  month         = jul,
  adsurl        = {http://adsabs.harvard.edu/abs/2015arXiv150706460F},
  adsnote       = {Provided by the SAO/NASA Astrophysics Data System}
}

@article{somers15,
  author        = {{Somers}, G. and {Pinsonneault}, M.~H.},
  title         = {{Older and Colder: The Impact of Starspots on Pre-main-sequence Stellar Evolution}},
  journal       = {\apj},
  archiveprefix = {arXiv},
  eprint        = {1506.01393},
  primaryclass  = {astro-ph.SR},
  keywords      = {stars: activity, stars: evolution, stars: pre-main sequence, starspots},
  year          = 2015,
  month         = jul,
  volume        = 807,
  eid           = {174},
  pages         = {174},
  doi           = {10.1088/0004-637X/807/2/174},
  adsurl        = {http://adsabs.harvard.edu/abs/2015ApJ...807..174S},
  adsnote       = {Provided by the SAO/NASA Astrophysics Data System}
}


@article{williams11,
  author        = {{Williams}, J.~P. and {Cieza}, L.~A.},
  title         = {{Protoplanetary Disks and Their Evolution}},
  journal       = {\araa},
  archiveprefix = {arXiv},
  eprint        = {1103.0556},
  primaryclass  = {astro-ph.GA},
  year          = 2011,
  month         = sep,
  volume        = 49,
  pages         = {67-117},
  doi           = {10.1146/annurev-astro-081710-102548},
  adsurl        = {http://adsabs.harvard.edu/abs/2011ARA%26A..49...67W},
  adsnote       = {Provided by the SAO/NASA Astrophysics Data System}
}

@inproceedings{park14,
  author    = {{Park}, C. and {Jaffe}, D.~T. and {Yuk}, I.-S. and {Chun}, M.-Y. and
               {Pak}, S. and {Kim}, K.-M. and {Pavel}, M. and {Lee}, H. and
               {Oh}, H. and {Jeong}, U. and {Sim}, C.~K. and {Lee}, H.-I. and
               {Nguyen Le}, H.~A. and {Strubhar}, J. and {Gully-Santiago}, M. and
               {Oh}, J.~S. and {Cha}, S.-M. and {Moon}, B. and {Park}, K. and
               {Brooks}, C. and {Ko}, K. and {Han}, J.-Y. and {Nah}, J. and
               {Hill}, P.~C. and {Lee}, S. and {Barnes}, S. and {Yu}, Y.~S. and
               {Kaplan}, K. and {Mace}, G. and {Kim}, H. and {Lee}, J.-J. and
               {Hwang}, N. and {Park}, B.-G.},
  title     = {{Design and early performance of IGRINS (Immersion Grating Infrared Spectrometer)}},
  booktitle = {Society of Photo-Optical Instrumentation Engineers (SPIE) Conference Series},
  year      = 2014,
  series    = {Society of Photo-Optical Instrumentation Engineers (SPIE) Conference Series},
  volume    = 9147,
  month     = jul,
  eid       = {91471D},
  pages     = {1},
  doi       = {10.1117/12.2056431},
  adsurl    = {http://adsabs.harvard.edu/abs/2014SPIE.9147E..1DP},
  adsnote   = {Provided by the SAO/NASA Astrophysics Data System}
}


@inproceedings{gully12,
  author    = {{Gully-Santiago}, M. and {Wang}, W. and {Deen}, C. and {Jaffe}, D.
               },
  title     = {{Near-infrared metrology of high-performance silicon immersion gratings}},
  booktitle = {Society of Photo-Optical Instrumentation Engineers (SPIE) Conference Series},
  year      = 2012,
  series    = {Society of Photo-Optical Instrumentation Engineers (SPIE) Conference Series},
  volume    = 8450,
  month     = sep,
  eid       = {84502S},
  pages     = {2},
  doi       = {10.1117/12.926434},
  adsurl    = {http://adsabs.harvard.edu/abs/2012SPIE.8450E..2SG},
  adsnote   = {Provided by the SAO/NASA Astrophysics Data System}
}


@article{hartmann87,
  author   = {{Hartmann}, L.~W. and {Soderblom}, D.~R. and {Stauffer}, J.~R.
              },
  title    = {{Rotation and kinematics of the premain-sequence stars in Taurus-Auriga with CA II emission}},
  journal  = {\aj},
  keywords = {Calcium, Pre-Main Sequence Stars, Radial Velocity, Stellar Motions, Stellar Rotation, T Tauri Stars, Abundance, Late Stars, Line Spectra, Star Formation, Stellar Mass},
  year     = 1987,
  month    = apr,
  volume   = 93,
  pages    = {907-912},
  doi      = {10.1086/114376},
  adsurl   = {http://cdsads.u-strasbg.fr/abs/1987AJ.....93..907H},
  adsnote  = {Provided by the SAO/NASA Astrophysics Data System}
}

@article{herbig86,
  author   = {{Herbig}, G.~H. and {Vrba}, F.~J. and {Rydgren}, A.~E.},
  title    = {{A spectroscopic survey of the Taurus-Auriga dark clouds for pre-main-sequence stars having CA II H, K emission}},
  journal  = {\aj},
  keywords = {Calcium, Emission Spectra, H Lines, K Lines, Pre-Main Sequence Stars, Stellar Spectra, T Tauri Stars, H Alpha Line, Radial Velocity, Stellar Luminosity, Stellar Spectrophotometry},
  year     = 1986,
  month    = mar,
  volume   = 91,
  pages    = {575-582},
  doi      = {10.1086/114039},
  adsurl   = {http://cdsads.u-strasbg.fr/abs/1986AJ.....91..575H},
  adsnote  = {Provided by the SAO/NASA Astrophysics Data System}
}


@article{downes88,
  author   = {{Downes}, R.~A. and {Keyes}, C.~D.},
  title    = {{Spectroscopic observations of H-alpha emission stars from the Stephenson and Stephenson-Sanduleak lists}},
  journal  = {\aj},
  keywords = {Balmer Series, Cataclysmic Variables, H Alpha Line, Stellar Spectra, Symbiotic Stars, T Tauri Stars, Astronomical Spectroscopy, B Stars, Carbon Stars, M Stars, Nitric Oxide, Planetary Nebulae, Seyfert Galaxies},
  year     = 1988,
  month    = aug,
  volume   = 96,
  pages    = {777-790},
  doi      = {10.1086/114846},
  adsurl   = {http://cdsads.u-strasbg.fr/abs/1988AJ.....96..777D},
  adsnote  = {Provided by the SAO/NASA Astrophysics Data System}
}

@article{strom89b,
  author   = {{Strom}, K.~M. and {Wilkin}, F.~P. and {Strom}, S.~E. and {Seaman}, R.~L.
              },
  title    = {{Lithium abundances among solar-type pre-main-sequence stars}},
  journal  = {\aj},
  keywords = {Abundance, Lithium, Metallicity, Pre-Main Sequence Stars, Spectral Line Width, Stellar Composition, Astronomical Catalogs, Data Sampling, H Alpha Line, Hertzsprung-Russell Diagram},
  year     = 1989,
  month    = oct,
  volume   = 98,
  pages    = {1444-1450},
  doi      = {10.1086/115230},
  adsurl   = {http://cdsads.u-strasbg.fr/abs/1989AJ.....98.1444S},
  adsnote  = {Provided by the SAO/NASA Astrophysics Data System}
}

@article{vrba93,
  author   = {{Vrba}, F.~J. and {Chugainov}, P.~F. and {Weaver}, W.~B. and
              {Stauffer}, J.~S.},
  title    = {{Photometric and spectroscopic monitoring of AA Tau, DN Tau, UX Tau A, T Tau, RY Tau, LK CA 4, and LK CA 7}},
  journal  = {\aj},
  keywords = {Emission Spectra, Stellar Color, Stellar Spectra, T Tauri Stars, Light Curve, Line Spectra, Stellar Spectrophotometry, Stellar Temperature},
  year     = 1993,
  month    = oct,
  volume   = 106,
  pages    = {1608-1626},
  doi      = {10.1086/116751},
  adsurl   = {http://cdsads.u-strasbg.fr/abs/1993AJ....106.1608V},
  adsnote  = {Provided by the SAO/NASA Astrophysics Data System}
}

@article{grankin94,
  author  = {{Grankin}, K.~N.},
  title   = {{On the Stability of Spotted Regions on Stellar Surfaces of Weak-Line T Tauri Stars}},
  journal = {Information Bulletin on Variable Stars},
  year    = 1994,
  month   = jun,
  volume  = 4042,
  adsurl  = {http://cdsads.u-strasbg.fr/abs/1994IBVS.4042....1G},
  adsnote = {Provided by the SAO/NASA Astrophysics Data System}
}


@article{leinert93,
  author   = {{Leinert}, C. and {Zinnecker}, H. and {Weitzel}, N. and {Christou}, J. and
              {Ridgway}, S.~T. and {Jameson}, R. and {Haas}, M. and {Lenzen}, R.
              },
  title    = {{A systematic approach for young binaries in Taurus}},
  journal  = {\aap},
  keywords = {Binary Stars, Pre-Main Sequence Stars, Sky Surveys (Astronomy), Taurus Constellation, Main Sequence Stars, Spatial Distribution, Star Formation, Stellar Evolution},
  year     = 1993,
  month    = oct,
  volume   = 278,
  pages    = {129-149},
  adsurl   = {http://cdsads.u-strasbg.fr/abs/1993A%26A...278..129L},
  adsnote  = {Provided by the SAO/NASA Astrophysics Data System}
}

@article{strom94,
  author   = {{Strom}, K.~M. and {Strom}, S.~E.},
  title    = {{A multiwavelength study of star formation in the L1495E cloud in Taurus}},
  journal  = {\apj},
  eprint   = {astro-ph/9309037},
  keywords = {Interstellar Matter, Molecular Clouds, Pre-Main Sequence Stars, Star Formation, Stellar Envelopes, X Ray Astronomy, Accretion Disks, Hertzsprung-Russell Diagram, Stellar Spectrophotometry},
  year     = 1994,
  month    = mar,
  volume   = 424,
  pages    = {237-256},
  doi      = {10.1086/173886},
  adsurl   = {http://cdsads.u-strasbg.fr/abs/1994ApJ...424..237S},
  adsnote  = {Provided by the SAO/NASA Astrophysics Data System}
}


@article{strom89a,
  author   = {{Strom}, K.~M. and {Strom}, S.~E. and {Edwards}, S. and {Cabrit}, S. and
              {Skrutskie}, M.~F.},
  title    = {{Circumstellar material associated with solar-type pre-main-sequence stars - A possible constraint on the timescale for planet building}},
  journal  = {\aj},
  keywords = {Pre-Main Sequence Stars, Stellar Envelopes, Stellar Spectrophotometry, T Tauri Stars, Frequency Distribution, H Alpha Line, Infrared Spectra, Spectral Energy Distribution, Star Formation},
  year     = 1989,
  month    = may,
  volume   = 97,
  pages    = {1451-1470},
  doi      = {10.1086/115085},
  adsurl   = {http://adsabs.harvard.edu/abs/1989AJ.....97.1451S},
  adsnote  = {Provided by the SAO/NASA Astrophysics Data System}
}

@article{martin94,
  author   = {{Martin}, E.~L. and {Rebolo}, R. and {Magazzu}, A. and {Pavlenko}, Y.~V.
              },
  title    = {{Pre-main sequence lithium burning. 1: Weak T Tauri stars}},
  journal  = {\aap},
  eprint   = {astro-ph/9308047},
  keywords = {Abundance, H Alpha Line, Lithium, Statistical Distributions, Stellar Spectrophotometry, T Tauri Stars, Ultraviolet Photometry, Angular Momentum, Charge Coupled Devices, Hertzsprung-Russell Diagram, Stellar Evolution, Stellar Luminosity, Stellar Rotation, Telescopes},
  year     = 1994,
  month    = feb,
  volume   = 282,
  pages    = {503-517},
  adsurl   = {http://cdsads.u-strasbg.fr/abs/1994A%26A...282..503M},
  adsnote  = {Provided by the SAO/NASA Astrophysics Data System}
}

@article{kenyon95,
  author   = {{Kenyon}, S.~J. and {Hartmann}, L.},
  title    = {{Pre-Main-Sequence Evolution in the Taurus-Auriga Molecular Cloud}},
  journal  = {\apjs},
  keywords = {INFRARED: STARS, ISM: CLOUDS, STARS: EVOLUTION, STARS: LUMINOSITY FUNCTION, MASS FUNCTION, STARS: PRE-MAIN-SEQUENCE},
  year     = 1995,
  month    = nov,
  volume   = 101,
  pages    = {117},
  doi      = {10.1086/192235},
  adsurl   = {http://cdsads.u-strasbg.fr/abs/1995ApJS..101..117K},
  adsnote  = {Provided by the SAO/NASA Astrophysics Data System}
}

@article{hartigan95,
  author   = {{Hartigan}, P. and {Edwards}, S. and {Ghandour}, L.},
  title    = {{Disk Accretion and Mass Loss from Young Stars}},
  journal  = {\apj},
  keywords = {ACCRETION, ACCRETION DISKS, STARS: CIRCUMSTELLAR MATTER, STARS: FORMATION, STARS: MASS LOSS, STARS: PRE-MAIN-SEQUENCE},
  year     = 1995,
  month    = oct,
  volume   = 452,
  pages    = {736},
  doi      = {10.1086/176344},
  adsurl   = {http://cdsads.u-strasbg.fr/abs/1995ApJ...452..736H},
  adsnote  = {Provided by the SAO/NASA Astrophysics Data System}
}

@article{donati14,
  author        = {{Donati}, J.-F. and {H{\'e}brard}, E. and {Hussain}, G. and
                   {Moutou}, C. and {Grankin}, K. and {Boisse}, I. and {Morin}, J. and
                   {Gregory}, S.~G. and {Vidotto}, A.~A. and {Bouvier}, J. and
                   {Alencar}, S.~H.~P. and {Delfosse}, X. and {Doyon}, R. and {Takami}, M. and
                   {Jardine}, M.~M. and {Fares}, R. and {Cameron}, A.~C. and {M{\'e}nard}, F. and
                   {Dougados}, C. and {Herczeg}, G. and {Matysse Collaboration}
                   },
  title         = {{Modelling the magnetic activity and filtering radial velocity curves of young Suns : the weak-line T Tauri star LkCa 4}},
  journal       = {\mnras},
  archiveprefix = {arXiv},
  eprint        = {1408.3273},
  primaryclass  = {astro-ph.SR},
  keywords      = {techniques: polarimetric, stars: formation, stars: imaging, stars: individual: LkCa 4, stars: magnetic field, stars: rotation},
  year          = 2014,
  month         = nov,
  volume        = 444,
  pages         = {3220-3229},
  doi           = {10.1093/mnras/stu1679},
  adsurl        = {http://adsabs.harvard.edu/abs/2014MNRAS.444.3220D},
  adsnote       = {Provided by the SAO/NASA Astrophysics Data System}
}


@article{czekala15,
  author        = {{Czekala}, I. and {Andrews}, S.~M. and {Mandel}, K.~S. and {Hogg}, D.~W. and
                   {Green}, G.~M.},
  title         = {{Constructing a Flexible Likelihood Function for Spectroscopic Inference}},
  journal       = {\apj},
  archiveprefix = {arXiv},
  eprint        = {1412.5177},
  primaryclass  = {astro-ph.SR},
  keywords      = {methods: data analysis, methods: statistical, stars: fundamental parameters, stars: late-type, stars: statistics, techniques: spectroscopic},
  year          = 2015,
  month         = oct,
  volume        = 812,
  eid           = {128},
  pages         = {128},
  doi           = {10.1088/0004-637X/812/2/128},
  adsurl        = {http://adsabs.harvard.edu/abs/2015ApJ...812..128C},
  adsnote       = {Provided by the SAO/NASA Astrophysics Data System}
}

@article{husser13,
  author        = {{Husser}, T.-O. and {Wende-von Berg}, S. and {Dreizler}, S. and
                   {Homeier}, D. and {Reiners}, A. and {Barman}, T. and {Hauschildt}, P.~H.
                   },
  title         = {{A new extensive library of PHOENIX stellar atmospheres and synthetic spectra}},
  journal       = {\aap},
  archiveprefix = {arXiv},
  eprint        = {1303.5632},
  primaryclass  = {astro-ph.SR},
  keywords      = {stars: atmospheres, convection, stars: late-type},
  year          = 2013,
  month         = may,
  volume        = 553,
  eid           = {A6},
  pages         = {A6},
  doi           = {10.1051/0004-6361/201219058},
  adsurl        = {http://adsabs.harvard.edu/abs/2013A%26A...553A...6H},
  adsnote       = {Provided by the SAO/NASA Astrophysics Data System}
}


@article{harrison12,
  author        = {{Harrison}, T.~E. and {Coughlin}, J.~L. and {Ule}, N.~M. and
                   {L{\'o}pez-Morales}, M.},
  title         = {{Kepler Cycle 1 Observations of Low-mass Stars: New Eclipsing Binaries, Single Star Rotation Rates, and the Nature and Frequency of Starspots}},
  journal       = {\aj},
  archiveprefix = {arXiv},
  eprint        = {1111.1137},
  primaryclass  = {astro-ph.SR},
  keywords      = {binaries: eclipsing, stars: late-type, stars: low-mass, starspots},
  year          = 2012,
  month         = jan,
  volume        = 143,
  eid           = {4},
  pages         = {4},
  doi           = {10.1088/0004-6256/143/1/4},
  adsurl        = {http://adsabs.harvard.edu/abs/2012AJ....143....4H},
  adsnote       = {Provided by the SAO/NASA Astrophysics Data System}
}

@article{foreman13,
  author        = {{Foreman-Mackey}, D. and {Hogg}, D.~W. and {Lang}, D. and {Goodman}, J.
                   },
  title         = {{emcee: The MCMC Hammer}},
  journal       = {\pasp},
  archiveprefix = {arXiv},
  eprint        = {1202.3665},
  primaryclass  = {astro-ph.IM},
  year          = 2013,
  month         = mar,
  volume        = 125,
  pages         = {306-312},
  doi           = {10.1086/670067},
  adsurl        = {http://adsabs.harvard.edu/abs/2013PASP..125..306F},
  adsnote       = {Provided by the SAO/NASA Astrophysics Data System}
}

@article{shappee14,
  author        = {{Shappee}, B.~J. and {Prieto}, J.~L. and {Grupe}, D. and {Kochanek}, C.~S. and
                   {Stanek}, K.~Z. and {De Rosa}, G. and {Mathur}, S. and {Zu}, Y. and
                   {Peterson}, B.~M. and {Pogge}, R.~W. and {Komossa}, S. and {Im}, M. and
                   {Jencson}, J. and {Holoien}, T.~W.-S. and {Basu}, U. and {Beacom}, J.~F. and
                   {Szczygie{\l}}, D.~M. and {Brimacombe}, J. and {Adams}, S. and
                   {Campillay}, A. and {Choi}, C. and {Contreras}, C. and {Dietrich}, M. and
                   {Dubberley}, M. and {Elphick}, M. and {Foale}, S. and {Giustini}, M. and
                   {Gonzalez}, C. and {Hawkins}, E. and {Howell}, D.~A. and {Hsiao}, E.~Y. and
                   {Koss}, M. and {Leighly}, K.~M. and {Morrell}, N. and {Mudd}, D. and
                   {Mullins}, D. and {Nugent}, J.~M. and {Parrent}, J. and {Phillips}, M.~M. and
                   {Pojmanski}, G. and {Rosing}, W. and {Ross}, R. and {Sand}, D. and
                   {Terndrup}, D.~M. and {Valenti}, S. and {Walker}, Z. and {Yoon}, Y.
                   },
  title         = {{The Man behind the Curtain: X-Rays Drive the UV through NIR Variability in the 2013 Active Galactic Nucleus Outburst in NGC 2617}},
  journal       = {\apj},
  archiveprefix = {arXiv},
  eprint        = {1310.2241},
  primaryclass  = {astro-ph.HE},
  keywords      = {galaxies: active, galaxies: nuclei, galaxies: Seyfert, line: formation, line: profiles},
  year          = 2014,
  month         = jun,
  volume        = 788,
  eid           = {48},
  pages         = {48},
  doi           = {10.1088/0004-637X/788/1/48},
  adsurl        = {http://adsabs.harvard.edu/abs/2014ApJ...788...48S},
  adsnote       = {Provided by the SAO/NASA Astrophysics Data System}
}


@book{ivezic14,
  author    = {{Ivezi{\'c}}, {\v Z}. and {Connelly}, A.~J. and {VanderPlas}, J.~T. and
               {Gray}, A.},
  title     = {{Statistics, Data Mining, and Machine Learningin Astronomy}},
  booktitle = {Statistics, Data Mining, and Machine Learningin Astronomy, by Z.~Ivenci{\'c} et al.~Princeton, NJ: Princeton University Press, 2014},
  year      = 2014,
  adsurl    = {http://adsabs.harvard.edu/abs/2014sdmm.book.....I},
  adsnote   = {Provided by the SAO/NASA Astrophysics Data System}
}

@misc{JakeVanderplas2015,
  author    = {Jake Vanderplas},
  title     = {gatspy: General tools for Astronomical Time Series in Python},
  url       = {http://dx.doi.org/10.5281/zenodo.14833},
  doi       = {10.5281/zenodo.14833},
  publisher = {Zenodo},
  year      = 2015
}


@article{vanderplas15a,
  author        = {{VanderPlas}, J.~T. and {Ivezi{\'c}}, Z.},
  title         = {{Periodograms for Multiband Astronomical Time Series}},
  journal       = {\apj},
  archiveprefix = {arXiv},
  eprint        = {1502.01344},
  primaryclass  = {astro-ph.IM},
  keywords      = {methods: data analysis, methods: statistical, surveys},
  year          = 2015,
  month         = oct,
  volume        = 812,
  eid           = {18},
  pages         = {18},
  doi           = {10.1088/0004-637X/812/1/18},
  adsurl        = {http://adsabs.harvard.edu/abs/2015ApJ...812...18V},
  adsnote       = {Provided by the SAO/NASA Astrophysics Data System}
}


@article{prato08,
  author        = {{Prato}, L. and {Huerta}, M. and {Johns-Krull}, C.~M. and {Mahmud}, N. and
                   {Jaffe}, D.~T. and {Hartigan}, P.},
  title         = {{A Young-Planet Search in Visible and Infrared Light: DN Tauri, V836 Tauri, and V827 Tauri}},
  journal       = {\apjl},
  archiveprefix = {arXiv},
  eprint        = {0809.3599},
  keywords      = {planetary systems: formation, stars: individual: DN Tauri V836 Tauri V827 Tauri, stars: spots, techniques: radial velocities},
  year          = 2008,
  month         = nov,
  volume        = 687,
  eid           = {L103},
  pages         = {L103},
  doi           = {10.1086/593201},
  adsurl        = {http://adsabs.harvard.edu/abs/2008ApJ...687L.103P},
  adsnote       = {Provided by the SAO/NASA Astrophysics Data System}
}


@article{luhman03,
  author   = {{Luhman}, K.~L. and {Stauffer}, J.~R. and {Muench}, A.~A. and
              {Rieke}, G.~H. and {Lada}, E.~A. and {Bouvier}, J. and {Lada}, C.~J.
              },
  title    = {{A Census of the Young Cluster IC 348}},
  journal  = {\apj},
  eprint   = {astro-ph/0304409},
  keywords = {Infrared: Stars, Stars: Evolution, Stars: Formation, Stars: Low-Mass, Brown Dwarfs, Stars: Luminosity Function, Mass Function, Stars: Pre-Main-Sequence},
  year     = 2003,
  month    = aug,
  volume   = 593,
  pages    = {1093-1115},
  doi      = {10.1086/376594},
  adsurl   = {http://adsabs.harvard.edu/abs/2003ApJ...593.1093L},
  adsnote  = {Provided by the SAO/NASA Astrophysics Data System}
}

@article{pecaut13,
  author        = {{Pecaut}, M.~J. and {Mamajek}, E.~E.},
  title         = {{Intrinsic Colors, Temperatures, and Bolometric Corrections of Pre-main-sequence Stars}},
  journal       = {\apjs},
  archiveprefix = {arXiv},
  eprint        = {1307.2657},
  primaryclass  = {astro-ph.SR},
  keywords      = {open clusters and associations: individual: {$\eta$} Cha cluster TW Hydra Association {$\beta$} Pic Moving Group Tucana-Horologium Association, stars: fundamental parameters, stars: pre-main sequence},
  year          = 2013,
  month         = sep,
  volume        = 208,
  eid           = {9},
  pages         = {9},
  doi           = {10.1088/0067-0049/208/1/9},
  adsurl        = {http://adsabs.harvard.edu/abs/2013ApJS..208....9P},
  adsnote       = {Provided by the SAO/NASA Astrophysics Data System}
}


@article{hartmann97,
  author   = {{Hartmann}, L. and {Cassen}, P. and {Kenyon}, S.~J.},
  title    = {{Disk Accretion and the Stellar Birthline}},
  journal  = {\apj},
  keywords = {Accretion, Accretion Disks, Stars: Evolution, stars: formation -- stars: pre-main-sequence},
  year     = 1997,
  month    = feb,
  volume   = 475,
  pages    = {770-785},
  adsurl   = {http://adsabs.harvard.edu/abs/1997ApJ...475..770H},
  adsnote  = {Provided by the SAO/NASA Astrophysics Data System}
}


@article{hartmann01,
  author   = {{Hartmann}, L.},
  title    = {{On Age Spreads in Star-forming Regions}},
  journal  = {\aj},
  keywords = {Stars: Circumstellar Matter, Stars: Formation, Stars: Pre-Main-Sequence},
  year     = 2001,
  month    = feb,
  volume   = 121,
  pages    = {1030-1039},
  doi      = {10.1086/318770},
  adsurl   = {http://adsabs.harvard.edu/abs/2001AJ....121.1030H},
  adsnote  = {Provided by the SAO/NASA Astrophysics Data System}
}


@article{slesnick08,
  author        = {{Slesnick}, C.~L. and {Hillenbrand}, L.~A. and {Carpenter}, J.~M.
                   },
  title         = {{A Large-Area Search for Low-Mass Objects in Upper Scorpius. II. Age and Mass Distributions}},
  journal       = {\apj},
  archiveprefix = {arXiv},
  eprint        = {0809.1436},
  keywords      = {open clusters and associations: individual: Upper Scorpius, stars: fundamental parameters, stars: low-mass, brown dwarfs, stars: luminosity function, mass function, stars: pre-main sequence },
  year          = 2008,
  month         = nov,
  volume        = 688,
  eid           = {377-397},
  pages         = {377-397},
  doi           = {10.1086/592265},
  adsurl        = {http://adsabs.harvard.edu/abs/2008ApJ...688..377S},
  adsnote       = {Provided by the SAO/NASA Astrophysics Data System}
}


@article{stauffer03,
  author   = {{Stauffer}, J.~R. and {Jones}, B.~F. and {Backman}, D. and {Hartmann}, L.~W. and
              {Barrado y Navascu{\'e}s}, D. and {Pinsonneault}, M.~H. and
              {Terndrup}, D.~M. and {Muench}, A.~A.},
  title    = {{Why Are the K Dwarfs in the Pleiades So Blue?}},
  journal  = {\aj},
  eprint   = {astro-ph/0306127},
  keywords = {Galaxy: Open Clusters and Associations: Individual: Name: Pleiades, Stars: Low-Mass, Brown Dwarfs},
  year     = 2003,
  month    = aug,
  volume   = 126,
  pages    = {833-847},
  doi      = {10.1086/376739},
  adsurl   = {http://adsabs.harvard.edu/abs/2003AJ....126..833S},
  adsnote  = {Provided by the SAO/NASA Astrophysics Data System}
}



@article{debes13,
  author        = {{Debes}, J.~H. and {Jang-Condell}, H. and {Weinberger}, A.~J. and
                   {Roberge}, A. and {Schneider}, G.},
  title         = {{The 0.5-2.22 {$\mu$}m Scattered Light Spectrum of the Disk around TW Hya: Detection of a Partially Filled Disk Gap at 80 AU}},
  journal       = {\apj},
  archiveprefix = {arXiv},
  eprint        = {1306.2969},
  primaryclass  = {astro-ph.EP},
  keywords      = {planet-disk interactions, protoplanetary disks, radiative transfer, stars: individual: TW Hya},
  year          = 2013,
  month         = jul,
  volume        = 771,
  eid           = {45},
  pages         = {45},
  doi           = {10.1088/0004-637X/771/1/45},
  adsurl        = {http://adsabs.harvard.edu/abs/2013ApJ...771...45D},
  adsnote       = {Provided by the SAO/NASA Astrophysics Data System}
}

@article{bary14,
  author        = {{Bary}, J.~S. and {Petersen}, M.~S.},
  title         = {{Anomalous Accretion Activity and the Spotted Nature of the DQ Tau Binary System}},
  journal       = {\apj},
  archiveprefix = {arXiv},
  eprint        = {1407.3309},
  primaryclass  = {astro-ph.SR},
  keywords      = {binaries: general, infrared: stars, stars: formation, stars: individual: DQ Tau, stars: pre-main sequence},
  year          = 2014,
  month         = sep,
  volume        = 792,
  eid           = {64},
  pages         = {64},
  doi           = {10.1088/0004-637X/792/1/64},
  adsurl        = {http://adsabs.harvard.edu/abs/2014ApJ...792...64B},
  adsnote       = {Provided by the SAO/NASA Astrophysics Data System}
}


@article{vacca11,
  author        = {{Vacca}, W.~D. and {Sandell}, G.},
  title         = {{Near-infrared Spectroscopy of TW Hya: A Revised Spectral Type and Comparison with Magnetospheric Accretion Models}},
  journal       = {\apj},
  archiveprefix = {arXiv},
  eprint        = {1102.0535},
  primaryclass  = {astro-ph.SR},
  keywords      = {stars: individual: TW Hya, stars: pre-main sequence, techniques: spectroscopic},
  year          = 2011,
  month         = may,
  volume        = 732,
  eid           = {8},
  pages         = {8},
  doi           = {10.1088/0004-637X/732/1/8},
  adsurl        = {http://adsabs.harvard.edu/abs/2011ApJ...732....8V},
  adsnote       = {Provided by the SAO/NASA Astrophysics Data System}
}

@article{furlan06,
  author   = {{Furlan}, E. and {Hartmann}, L. and {Calvet}, N. and {D'Alessio}, P. and
              {Franco-Hern{\'a}ndez}, R. and {Forrest}, W.~J. and {Watson}, D.~M. and
              {Uchida}, K.~I. and {Sargent}, B. and {Green}, J.~D. and {Keller}, L.~D. and
              {Herter}, T.~L.},
  title    = {{A Survey and Analysis of Spitzer Infrared Spectrograph Spectra of T Tauri Stars in Taurus}},
  journal  = {\apjs},
  eprint   = {astro-ph/0608038},
  keywords = {Stars: Circumstellar Matter, Infrared: Stars, Stars: Planetary Systems: Protoplanetary Disks, Stars: Pre-Main-Sequence},
  year     = 2006,
  month    = aug,
  volume   = 165,
  pages    = {568-605},
  doi      = {10.1086/505468},
  adsurl   = {http://adsabs.harvard.edu/abs/2006ApJS..165..568F},
  adsnote  = {Provided by the SAO/NASA Astrophysics Data System}
}


@article{donati09,
  author        = {{Donati}, J.-F. and {Landstreet}, J.~D.},
  title         = {{Magnetic Fields of Nondegenerate Stars}},
  journal       = {\araa},
  archiveprefix = {arXiv},
  eprint        = {0904.1938},
  primaryclass  = {astro-ph.SR},
  year          = 2009,
  month         = sep,
  volume        = 47,
  pages         = {333-370},
  doi           = {10.1146/annurev-astro-082708-101833},
  adsurl        = {http://adsabs.harvard.edu/abs/2009ARA%26A..47..333D},
  adsnote       = {Provided by the SAO/NASA Astrophysics Data System}
}


@article{johnskrull07,
  author        = {{Johns-Krull}, C.~M.},
  title         = {{The Magnetic Fields of Classical T Tauri Stars}},
  journal       = {\apj},
  archiveprefix = {arXiv},
  eprint        = {0704.2923},
  keywords      = {Accretion, Accretion Disks, Line: Profiles, Stars: Atmospheres, Stars: Formation, Stars: Magnetic Fields, Stars: Pre-Main-Sequence},
  year          = 2007,
  month         = aug,
  volume        = 664,
  pages         = {975-985},
  doi           = {10.1086/519017},
  adsurl        = {http://adsabs.harvard.edu/abs/2007ApJ...664..975J},
  adsnote       = {Provided by the SAO/NASA Astrophysics Data System}
}



@article{kirkpatrick91,
  author   = {{Kirkpatrick}, J.~D. and {Henry}, T.~J. and {McCarthy}, Jr., D.~W.
              },
  title    = {{A standard stellar spectral sequence in the red/near-infrared - Classes K5 to M9}},
  journal  = {\apjs},
  keywords = {K Stars, M Stars, Near Infrared Radiation, Stellar Spectra, Charge Coupled Devices, Dwarf Stars, Giant Stars, Stellar Luminosity, Stellar Spectrophotometry},
  year     = 1991,
  month    = nov,
  volume   = 77,
  pages    = {417-440},
  doi      = {10.1086/191611},
  adsurl   = {http://adsabs.harvard.edu/abs/1991ApJS...77..417K},
  adsnote  = {Provided by the SAO/NASA Astrophysics Data System}
}


@article{kenyon87,
  author   = {{Kenyon}, S.~J. and {Hartmann}, L.},
  title    = {{Spectral energy distributions of T Tauri stars - Disk flaring and limits on accretion}},
  journal  = {\apj},
  keywords = {Astronomical Photography, Energy Distribution, Stellar Mass Accretion, Stellar Spectra, T Tauri Stars, Absorption Spectra, Emission Spectra, Infrared Spectra, Stellar Flares, Stellar Models, Stellar Radiation},
  year     = 1987,
  month    = dec,
  volume   = 323,
  pages    = {714-733},
  doi      = {10.1086/165866},
  adsurl   = {http://adsabs.harvard.edu/abs/1987ApJ...323..714K},
  adsnote  = {Provided by the SAO/NASA Astrophysics Data System}
}


@article{soderblom14,
  author        = {{Soderblom}, D.~R. and {Hillenbrand}, L.~A. and {Jeffries}, R.~D. and
                   {Mamajek}, E.~E. and {Naylor}, T.},
  title         = {{Ages of Young Stars}},
  journal       = {Protostars and Planets VI},
  archiveprefix = {arXiv},
  eprint        = {1311.7024},
  primaryclass  = {astro-ph.SR},
  year          = 2014,
  pages         = {219-241},
  doi           = {10.2458/azu_uapress_9780816531240-ch010},
  adsurl        = {http://adsabs.harvard.edu/abs/2014prpl.conf..219S},
  adsnote       = {Provided by the SAO/NASA Astrophysics Data System}
}


@article{torres12,
  author        = {{Torres}, R.~M. and {Loinard}, L. and {Mioduszewski}, A.~J. and
                   {Boden}, A.~F. and {Franco-Hern{\'a}ndez}, R. and {Vlemmings}, W.~H.~T. and
                   {Rodr{\'{\i}}guez}, L.~F.},
  title         = {{VLBA Determination of the Distance to nearby Star-forming Regions. V. Dynamical Mass, Distance, and Radio Structure of V773 Tau A}},
  journal       = {\apj},
  archiveprefix = {arXiv},
  eprint        = {1112.0114},
  primaryclass  = {astro-ph.SR},
  keywords      = {astrometry, binaries: spectroscopic, radio continuum: stars, stars: formation, stars: individual: V773 Tau, stars: pre-main sequence},
  year          = 2012,
  month         = mar,
  volume        = 747,
  eid           = {18},
  pages         = {18},
  doi           = {10.1088/0004-637X/747/1/18},
  adsurl        = {http://adsabs.harvard.edu/abs/2012ApJ...747...18T},
  adsnote       = {Provided by the SAO/NASA Astrophysics Data System}
}


@article{tottle15,
  author        = {{Tottle}, J. and {Mohanty}, S.},
  title         = {{Testing Model Atmospheres for Young Very-low-mass Stars and Brown Dwarfs in the Infrared: Evidence for Significantly Underestimated Dust Opacities}},
  journal       = {\apj},
  archiveprefix = {arXiv},
  eprint        = {1412.7191},
  primaryclass  = {astro-ph.SR},
  keywords      = {brown dwarfs, stars: atmospheres, stars: formation, stars: fundamental parameters, stars: low-mass, stars: pre-main sequence, techniques: photometric},
  year          = 2015,
  month         = may,
  volume        = 805,
  eid           = {57},
  pages         = {57},
  doi           = {10.1088/0004-637X/805/1/57},
  adsurl        = {http://adsabs.harvard.edu/abs/2015ApJ...805...57T},
  adsnote       = {Provided by the SAO/NASA Astrophysics Data System}
}


@article{baraffe15,
  author        = {{Baraffe}, I. and {Homeier}, D. and {Allard}, F. and {Chabrier}, G.
                   },
  title         = {{New evolutionary models for pre-main sequence and main sequence low-mass stars down to the hydrogen-burning limit}},
  journal       = {\aap},
  archiveprefix = {arXiv},
  eprint        = {1503.04107},
  primaryclass  = {astro-ph.SR},
  keywords      = {stars: evolution, stars: low-mass, stars: pre-main sequence, Hertzsprung-Russell and C-M diagrams, convection},
  year          = 2015,
  month         = may,
  volume        = 577,
  eid           = {A42},
  pages         = {A42},
  doi           = {10.1051/0004-6361/201425481},
  adsurl        = {http://adsabs.harvard.edu/abs/2015A%26A...577A..42B},
  adsnote       = {Provided by the SAO/NASA Astrophysics Data System}
}

@article{nguyen09,
  author        = {{Nguyen}, D.~C. and {Jayawardhana}, R. and {van Kerkwijk}, M.~H. and
                   {Brandeker}, A. and {Scholz}, A. and {Damjanov}, I.},
  title         = {{Disk Braking in young Stars: Probing Rotation in Chamaeleon i and Taurus-Auriga}},
  journal       = {\apj},
  archiveprefix = {arXiv},
  eprint        = {0902.0001},
  primaryclass  = {astro-ph.SR},
  keywords      = {accretion, accretion disks, circumstellar matter, stars: evolution, stars: formation, stars: pre-main sequence, stars: rotation, stars: statistics},
  year          = 2009,
  month         = apr,
  volume        = 695,
  pages         = {1648-1656},
  doi           = {10.1088/0004-637X/695/2/1648},
  adsurl        = {http://cdsads.u-strasbg.fr/abs/2009ApJ...695.1648N},
  adsnote       = {Provided by the SAO/NASA Astrophysics Data System}
}

@article{nguyen12,
  author        = {{Nguyen}, D.~C. and {Brandeker}, A. and {van Kerkwijk}, M.~H. and
                   {Jayawardhana}, R.},
  title         = {{Close Companions to Young Stars. I. A Large Spectroscopic Survey in Chamaeleon I and Taurus-Auriga}},
  journal       = {\apj},
  archiveprefix = {arXiv},
  eprint        = {1112.0002},
  primaryclass  = {astro-ph.SR},
  keywords      = {binaries: close, binaries: spectroscopic, brown dwarfs, line: profiles, methods: data analysis, planetary systems, stars: formation, stars: low-mass, stars: pre-main sequence, stars: statistics},
  year          = 2012,
  month         = feb,
  volume        = 745,
  eid           = {119},
  pages         = {119},
  doi           = {10.1088/0004-637X/745/2/119},
  adsurl        = {http://cdsads.u-strasbg.fr/abs/2012ApJ...745..119N},
  adsnote       = {Provided by the SAO/NASA Astrophysics Data System}
}

@article{white01,
  author   = {{White}, R.~J. and {Ghez}, A.~M.},
  title    = {{Observational Constraints on the Formation and Evolution of Binary Stars}},
  journal  = {\apj},
  eprint   = {astro-ph/0103098},
  keywords = {Stars: Binaries: Visual, Stars: Circumstellar Matter, Stars: Evolution, Stars: Late-Type, Stars: Pre-Main-Sequence},
  year     = 2001,
  month    = jul,
  volume   = 556,
  pages    = {265-295},
  doi      = {10.1086/321542},
  adsurl   = {http://cdsads.u-strasbg.fr/abs/2001ApJ...556..265W},
  adsnote  = {Provided by the SAO/NASA Astrophysics Data System}
}

@article{guenther99,
  author   = {{Guenther}, E.~W. and {Ball}, M.},
  title    = {{A spectroscopic study of flares on T Tauri and zero-age main-sequence stars}},
  journal  = {\aap},
  keywords = {STARS: FLARE, STARS: FORMATION, STARS: PRE-MAIN SEQUENCE},
  year     = 1999,
  month    = jul,
  volume   = 347,
  pages    = {508-517},
  adsurl   = {http://cdsads.u-strasbg.fr/abs/1999A%26A...347..508G},
  adsnote  = {Provided by the SAO/NASA Astrophysics Data System}
}


@article{kenyon98,
  author   = {{Kenyon}, S.~J. and {Brown}, D.~I. and {Tout}, C.~A. and {Berlind}, P.
              },
  title    = {{Optical Spectroscopy of Embedded Young Stars in the Taurus-Auriga Molecular Cloud}},
  journal  = {\aj},
  eprint   = {astro-ph/9804184},
  keywords = {ISM: JETS AND OUTFLOWS, STARS: FORMATION, STARS: PRE-MAIN-SEQUENCE},
  year     = 1998,
  month    = jun,
  volume   = 115,
  pages    = {2491-2503},
  doi      = {10.1086/300368},
  adsurl   = {http://cdsads.u-strasbg.fr/abs/1998AJ....115.2491K},
  adsnote  = {Provided by the SAO/NASA Astrophysics Data System}
}


@article{wolk96,
  author   = {{Wolk}, S.~J. and {Walter}, F.~M.},
  title    = {{A Search for Protoplanetary Disks Around Naked T Tauri Stars}},
  journal  = {\aj},
  keywords = {PRE-MAIN SEQUENCE, CIRCUMSTELLAR MATTER, ACCRETION DISKS},
  year     = 1996,
  month    = may,
  volume   = 111,
  pages    = {2066},
  doi      = {10.1086/117942},
  adsurl   = {http://cdsads.u-strasbg.fr/abs/1996AJ....111.2066W},
  adsnote  = {Provided by the SAO/NASA Astrophysics Data System}
}

@article{stauffer91,
  author   = {{Stauffer}, J. and {Herter}, T. and {Hamilton}, D. and {Rieke}, G.~H. and
              {Rieke}, M.~J. and {Probst}, R. and {Forrest}, W.},
  title    = {{Spectroscopy of Taurus cloud brown dwarf candidates}},
  journal  = {\apjl},
  keywords = {Astronomical Spectroscopy, Brown Dwarf Stars, H Alpha Line, Infrared Spectroscopy, Taurus Constellation, Astronomical Photometry, Late Stars, Molecular Spectra, Near Infrared Radiation, Star Formation, Titanium Oxides},
  year     = 1991,
  month    = jan,
  volume   = 367,
  pages    = {L23-L26},
  doi      = {10.1086/185923},
  adsurl   = {http://cdsads.u-strasbg.fr/abs/1991ApJ...367L..23S},
  adsnote  = {Provided by the SAO/NASA Astrophysics Data System}
}

@article{skrutskie90,
  author   = {{Skrutskie}, M.~F. and {Dutkevitch}, D. and {Strom}, S.~E. and
              {Edwards}, S. and {Strom}, K.~M. and {Shure}, M.~A.},
  title    = {{A sensitive 10-micron search for emission arising from circumstellar dust associated with solar-type pre-main-sequence stars}},
  journal  = {\aj},
  keywords = {Cosmic Dust, Emission Spectra, Infrared Astronomy, Pre-Main Sequence Stars, Stellar Envelopes, H Alpha Line, Optical Thickness, Photosphere, Spectral Energy Distribution, Spectral Line Width, Stellar Evolution},
  year     = 1990,
  month    = apr,
  volume   = 99,
  pages    = {1187-1195},
  doi      = {10.1086/115407},
  adsurl   = {http://cdsads.u-strasbg.fr/abs/1990AJ.....99.1187S},
  adsnote  = {Provided by the SAO/NASA Astrophysics Data System}
}


@article{grankin13,
  author        = {{Grankin}, K.~N.},
  title         = {{Magnetically active stars in Taurus-Auriga: Photometric variability and basic physical parameters}},
  journal       = {Astronomy Letters},
  archiveprefix = {arXiv},
  eprint        = {1303.3037},
  primaryclass  = {astro-ph.SR},
  keywords      = {stars{\mdash}variable, properties, rotation, pre-main-sequence stars},
  year          = 2013,
  month         = apr,
  volume        = 39,
  pages         = {251-266},
  doi           = {10.1134/S1063773713040038},
  adsurl        = {http://adsabs.harvard.edu/abs/2013AstL...39..251G},
  adsnote       = {Provided by the SAO/NASA Astrophysics Data System}
}

@article{oneal96,
  author   = {{O'Neal}, D. and {Saar}, S.~H. and {Neff}, J.~E.},
  title    = {{Measurements of Starspot Area and Temperature on Five Active, Evolved Stars}},
  journal  = {\apj},
  keywords = {STARS: ACTIVITY, STARS: ATMOSPHERES, TECHNIQUES: SPECTROSCOPIC, STARS: LATE-TYPE, STARS: MAGNETIC FIELDS},
  year     = 1996,
  month    = jun,
  volume   = 463,
  pages    = {766},
  doi      = {10.1086/177288},
  adsurl   = {http://adsabs.harvard.edu/abs/1996ApJ...463..766O},
  adsnote  = {Provided by the SAO/NASA Astrophysics Data System}
}


@article{feiden16,
  author        = {{Feiden}, G.~A.},
  title         = {{Magnetic Inhibition of Convection and the Fundamental Properties of Low-Mass Stars. III. A Consistent 10 Myr Age for the Upper Scorpius OB Association}},
  journal       = {ArXiv e-prints},
  archiveprefix = {arXiv},
  eprint        = {1604.08036},
  primaryclass  = {astro-ph.SR},
  keywords      = {Astrophysics - Solar and Stellar Astrophysics},
  year          = 2016,
  month         = apr,
  adsurl        = {http://adsabs.harvard.edu/abs/2016arXiv160408036F},
  adsnote       = {Provided by the SAO/NASA Astrophysics Data System}
}


@article{harrison11,
  author  = {Harrison, T E and Coughlin, J L and Ule, N M and Lopez-Morales, M},
  title   = {{KEPLERCYCLE 1 OBSERVATIONS OF LOW-MASS STARS: NEW ECLIPSING BINARIES, SINGLE STAR ROTATION RATES, AND THE NATURE AND FREQUENCY OF STARSPOTS}},
  journal = {The Astronomical Journal},
  year    = {2011},
  volume  = {143},
  number  = {1},
  pages   = {4--},
  month   = nov
}

@article{davenport15,
  author  = {Davenport, James R A and Hebb, Leslie and Hawley, Suzanne L},
  title   = {{DETECTING DIFFERENTIAL ROTATION AND STARSPOT EVOLUTION ON THE M DWARF GJ 1243 WITH KEPLER}},
  journal = {Astrophysical Journal},
  year    = {2015},
  volume  = {806},
  number  = {2},
  pages   = {212},
  month   = jun
}

@article{grankin07,
  author  = {Grankin, K N and Melnikov, S Yu and Bouvier, Jerome and Herbst, W and Shevchenko, V S},
  title   = {{Results of the ROTOR-program}},
  journal = {Astronomy and Astrophysics},
  year    = {2007},
  volume  = {461},
  number  = {1},
  pages   = {183--195},
  month   = jan
}

@article{bouvier95,
  author  = {Bouvier, Jerome and Covino, E and Kovo, O and Mart{\'\i}n, E L and Matthews, J M and Terranegra, L and Beck, S C},
  title   = {{COYOTES II: SPOT properties and the origin of photometric period variations in T Tauri stars.}},
  journal = {Astronomy and Astrophysics},
  year    = {1995},
  volume  = {299},
  pages   = {89--},
  month   = jul
}

@article{desert11,
  author  = {Desert, Jean-Michel and Charbonneau, David and Demory, Brice-Olivier and Ballard, Sarah and Carter, Joshua A and Fortney, Jonathan J and Cochran, William D and Endl, Michael and Quinn, Samuel N and Isaacson, Howard T and Fressin, Francois and Buchhave, Lars A and Latham, David W and Knutson, Heather A and Bryson, Stephen T and Torres, Guillermo and Rowe, Jason F and Batalha, Natalie M and Borucki, William J and Brown, Timothy M and Caldwell, Douglas A and Christiansen, Jessie L and Deming, Drake and Fabrycky, Daniel C and Ford, Eric B and Gilliland, Ronald L and Gillon, Micha{\"e}l and Haas, Michael R and Jenkins, Jon M and Kinemuchi, Karen and Koch, David and Lissauer, Jack J and Lucas, Philip and Mullally, Fergal and MacQueen, Phillip J and Marcy, Geoffrey W and Sasselov, Dimitar D and Seager, Sara and Still, Martin and Tenenbaum, Peter and Uddin, Kamal and Winn, Joshua N},
  title   = {{THE HOT-JUPITER KEPLER-17b: DISCOVERY, OBLIQUITY FROM STROBOSCOPIC STARSPOTS, AND ATMOSPHERIC CHARACTERIZATION}},
  journal = {Astrophysical Journal Supplement Series},
  year    = {2011},
  volume  = {197},
  number  = {1},
  pages   = {14--},
  month   = nov
}


@article{neff95,
  author  = {Neff, James E and O'Neal, Douglas and Saar, Steven H},
  title   = {{Absolute Measurements of Starspot Area and Temperature: II Pegasi in 1989 October}},
  journal = {Astrophysical Journal},
  year    = {1995},
  volume  = {452},
  pages   = {879},
  month   = oct
}

@article{oneal04,
  author  = {O'Neal, Douglas and Neff, James E and Saar, Steven H and Cuntz, Manfred},
  title   = {{Further Results of TiO-Band Observations of Starspots}},
  journal = {Astronomical Journal},
  year    = {2004},
  volume  = {128},
  number  = {4},
  pages   = {1802--1811},
  month   = oct
}

@article{oneal98,
  author  = {O'Neal, Douglas and Saar, Steven H and Neff, James E},
  title   = {{Spectroscopic Evidence for Nonuniform Starspot Properties on II Pegasi}},
  journal = {The Astrophysical Journal},
  year    = {1998},
  volume  = {501},
  number  = {1},
  pages   = {L73--L76},
  month   = jul
}

@article{oneal01,
  author  = {O'Neal, Douglas and Neff, James E and Saar, Steven H and Mines, Jonathan K},
  title   = {{Hydroxyl 1.563 Micron Absorption from Starspots on Active Stars}},
  journal = {The Astronomical Journal},
  year    = {2001},
  volume  = {122},
  number  = {4},
  pages   = {1954--1964},
  month   = oct
}

@article{daemgen15,
  author        = {{Daemgen}, S. and {Bonavita}, M. and {Jayawardhana}, R. and
                   {Lafreni{\`e}re}, D. and {Janson}, M.},
  title         = {{Sub-stellar Companions and Stellar Multiplicity in the Taurus Star-forming Region}},
  journal       = {\apj},
  archiveprefix = {arXiv},
  eprint        = {1411.7031},
  primaryclass  = {astro-ph.SR},
  keywords      = {binaries: visual, planets and satellites: detection, stars: formation, stars: pre-main sequence},
  year          = 2015,
  month         = feb,
  volume        = 799,
  eid           = {155},
  pages         = {155},
  doi           = {10.1088/0004-637X/799/2/155},
  adsurl        = {http://cdsads.u-strasbg.fr/abs/2015ApJ...799..155D},
  adsnote       = {Provided by the SAO/NASA Astrophysics Data System}
}

@article{martinez15,
  author        = {{L{\'o}pez-Mart{\'{\i}}nez}, F. and {G{\'o}mez de Castro}, A.~I.
                   },
  title         = {{Constraints to the magnetospheric properties of T Tauri stars - II. The Mg II ultraviolet feature}},
  journal       = {\mnras},
  archiveprefix = {arXiv},
  eprint        = {1505.00575},
  primaryclass  = {astro-ph.SR},
  keywords      = {line: profiles, stars: jets, stars: pre-main-sequence, stars: variables: T Tauri, Herbig Ae/Be, stars: winds, outflows, ultraviolet: stars},
  year          = 2015,
  month         = mar,
  volume        = 448,
  pages         = {484-501},
  doi           = {10.1093/mnras/stu2690},
  adsurl        = {http://cdsads.u-strasbg.fr/abs/2015MNRAS.448..484L},
  adsnote       = {Provided by the SAO/NASA Astrophysics Data System}
}

@article{buckle15,
  author        = {{Buckle}, J.~V. and {Drabek-Maunder}, E. and {Greaves}, J. and
                   {Richer}, J.~S. and {Matthews}, B.~C. and {Johnstone}, D. and
                   {Kirk}, H. and {Beaulieu}, S.~F. and {Berry}, D.~S. and {Broekhoven-Fiene}, H. and
                   {Currie}, M.~J. and {Fich}, M. and {Hatchell}, J. and {Jenness}, T. and
                   {Mottram}, J.~C. and {Nutter}, D. and {Pattle}, K. and {Pineda}, J.~E. and
                   {Salji}, C. and {Tisi}, S. and {Francesco}, J.~D. and {Hogerheijde}, M.~R. and
                   {Ward-Thompson}, D. and {Bastien}, P. and {Butner}, H. and {Chen}, M. and
                   {Chrysostomou}, A. and {Coude}, S. and {Davis}, C.~J. and {Duarte-Cabral}, A. and
                   {Friberg}, P. and {Friesen}, R. and {Fuller}, G.~A. and {Graves}, S. and
                   {Gregson}, J. and {Holland}, W. and {Joncas}, G. and {Kirk}, J.~M. and
                   {Knee}, L.~B.~G. and {Mairs}, S. and {Marsh}, K. and {Moriarty-Schieven}, G. and
                   {Rawlings}, J. and {Rosolowsky}, E. and {Rumble}, D. and {Sadavoy}, S. and
                   {Thomas}, H. and {Tothill}, N. and {Viti}, S. and {White}, G.~J. and
                   {Wilson}, C.~D. and {Wouterloot}, J. and {Yates}, J. and {Zhu}, M.
                   },
  title         = {{The JCMT Gould Belt Survey: SCUBA-2 observations of circumstellar discs in L 1495}},
  journal       = {\mnras},
  archiveprefix = {arXiv},
  eprint        = {1502.07946},
  keywords      = {stars: formation, stars: low mass, submillimetre: ISM},
  year          = 2015,
  month         = may,
  volume        = 449,
  pages         = {2472-2488},
  doi           = {10.1093/mnras/stv438},
  adsurl        = {http://cdsads.u-strasbg.fr/abs/2015MNRAS.449.2472B},
  adsnote       = {Provided by the SAO/NASA Astrophysics Data System}
}


@article{loyd14,
  author        = {{Loyd}, R.~O.~P. and {France}, K.},
  title         = {{Fluctuations and Flares in the Ultraviolet Line Emission of Cool Stars: Implications for Exoplanet Transit Observations}},
  journal       = {\apjs},
  archiveprefix = {arXiv},
  eprint        = {1402.0073},
  primaryclass  = {astro-ph.SR},
  keywords      = {planets and satellites: detection, stars: low-mass, ultraviolet: planetary systems, ultraviolet: stars },
  year          = 2014,
  month         = mar,
  volume        = 211,
  eid           = {9},
  pages         = {9},
  doi           = {10.1088/0067-0049/211/1/9},
  adsurl        = {http://cdsads.u-strasbg.fr/abs/2014ApJS..211....9L},
  adsnote       = {Provided by the SAO/NASA Astrophysics Data System}
}


@article{castro13,
  author        = {{G{\'o}mez de Castro}, A.~I.},
  title         = {{Evidence of Hot High Velocity Photoionized Plasma Falling on Actively Accreting T Tauri Stars}},
  journal       = {\apj},
  archiveprefix = {arXiv},
  eprint        = {1306.3338},
  primaryclass  = {astro-ph.SR},
  keywords      = {magnetic fields, stars: pre-main sequence},
  year          = 2013,
  month         = oct,
  volume        = 775,
  eid           = {131},
  pages         = {131},
  doi           = {10.1088/0004-637X/775/2/131},
  adsurl        = {http://cdsads.u-strasbg.fr/abs/2013ApJ...775..131G},
  adsnote       = {Provided by the SAO/NASA Astrophysics Data System}
}

@article{howard13,
  author        = {{Howard}, C.~D. and {Sandell}, G. and {Vacca}, W.~D. and {Duch{\^e}ne}, G. and
                   {Mathews}, G. and {Augereau}, J.-C. and {Barrado}, D. and {Dent}, W.~R.~F. and
                   {Eiroa}, C. and {Grady}, C. and {Kamp}, I. and {Meeus}, G. and
                   {M{\'e}nard}, F. and {Pinte}, C. and {Podio}, L. and {Riviere-Marichalar}, P. and
                   {Roberge}, A. and {Thi}, W.-F. and {Vicente}, S. and {Williams}, J.~P.
                   },
  title         = {{Herschel/PACS Survey of Protoplanetary Disks in Taurus/Auriga{\mdash}Observations of [O I] and [C II], and Far-infrared Continuum}},
  journal       = {\apj},
  archiveprefix = {arXiv},
  eprint        = {1308.6019},
  keywords      = {circumstellar matter, planetary systems, protoplanetary disks, stars: pre-main sequence },
  year          = 2013,
  month         = oct,
  volume        = 776,
  eid           = {21},
  pages         = {21},
  doi           = {10.1088/0004-637X/776/1/21},
  adsurl        = {http://cdsads.u-strasbg.fr/abs/2013ApJ...776...21H},
  adsnote       = {Provided by the SAO/NASA Astrophysics Data System}
}

@article{ardila13,
  author        = {{Ardila}, D.~R. and {Herczeg}, G.~J. and {Gregory}, S.~G. and
                   {Ingleby}, L. and {France}, K. and {Brown}, A. and {Edwards}, S. and
                   {Johns-Krull}, C. and {Linsky}, J.~L. and {Yang}, H. and {Valenti}, J.~A. and
                   {Abgrall}, H. and {Alexander}, R.~D. and {Bergin}, E. and {Bethell}, T. and
                   {Brown}, J.~M. and {Calvet}, N. and {Espaillat}, C. and {Hillenbrand}, L.~A. and
                   {Hussain}, G. and {Roueff}, E. and {Schindhelm}, E.~R. and {Walter}, F.~M.
                   },
  title         = {{Hot Gas Lines in T Tauri Stars}},
  journal       = {\apjs},
  archiveprefix = {arXiv},
  eprint        = {1304.3746},
  primaryclass  = {astro-ph.SR},
  keywords      = {protoplanetary disks, stars: pre-main sequence, stars: variables: T Tauri, Herbig Ae/Be, surveys, ultraviolet: stars},
  year          = 2013,
  month         = jul,
  volume        = 207,
  eid           = {1},
  pages         = {1},
  doi           = {10.1088/0067-0049/207/1/1},
  adsurl        = {http://cdsads.u-strasbg.fr/abs/2013ApJS..207....1A},
  adsnote       = {Provided by the SAO/NASA Astrophysics Data System}
}

@article{marichalar12,
  author        = {{Riviere-Marichalar}, P. and {M{\'e}nard}, F. and {Thi}, W.~F. and
                   {Kamp}, I. and {Montesinos}, B. and {Meeus}, G. and {Woitke}, P. and
                   {Howard}, C. and {Sandell}, G. and {Podio}, L. and {Dent}, W.~R.~F. and
                   {Mendigut{\'{\i}}a}, I. and {Pinte}, C. and {White}, G.~J. and
                   {Barrado}, D.},
  title         = {{Detection of warm water vapour in Taurus protoplanetary discs by Herschel}},
  journal       = {\aap},
  archiveprefix = {arXiv},
  eprint        = {1112.4850},
  primaryclass  = {astro-ph.SR},
  keywords      = {astrochemistry, stars: formation, protoplanetary disks, astrobiology, molecular data, line: identification},
  year          = 2012,
  month         = feb,
  volume        = 538,
  eid           = {L3},
  pages         = {L3},
  doi           = {10.1051/0004-6361/201118448},
  adsurl        = {http://cdsads.u-strasbg.fr/abs/2012A%26A...538L...3R},
  adsnote       = {Provided by the SAO/NASA Astrophysics Data System}
}

@article{yang12,
  author        = {{Yang}, H. and {Herczeg}, G.~J. and {Linsky}, J.~L. and {Brown}, A. and
                   {Johns-Krull}, C.~M. and {Ingleby}, L. and {Calvet}, N. and
                   {Bergin}, E. and {Valenti}, J.~A.},
  title         = {{A Far-ultraviolet Atlas of Low-resolution Hubble Space Telescope Spectra of T Tauri Stars}},
  journal       = {\apj},
  archiveprefix = {arXiv},
  eprint        = {1205.4789},
  primaryclass  = {astro-ph.SR},
  keywords      = {accretion, accretion disks, atlases, stars: pre-main sequence, ultraviolet: stars},
  year          = 2012,
  month         = jan,
  volume        = 744,
  eid           = {121},
  pages         = {121},
  doi           = {10.1088/0004-637X/744/2/121},
  adsurl        = {http://cdsads.u-strasbg.fr/abs/2012ApJ...744..121Y},
  adsnote       = {Provided by the SAO/NASA Astrophysics Data System}
}



@article{harris12,
  author        = {{Harris}, R.~J. and {Andrews}, S.~M. and {Wilner}, D.~J. and
                   {Kraus}, A.~L.},
  title         = {{A Resolved Census of Millimeter Emission from Taurus Multiple Star Systems}},
  journal       = {\apj},
  archiveprefix = {arXiv},
  eprint        = {1203.6353},
  primaryclass  = {astro-ph.SR},
  keywords      = {binaries: general, protoplanetary disks, stars: formation },
  year          = 2012,
  month         = jun,
  volume        = 751,
  eid           = {115},
  pages         = {115},
  doi           = {10.1088/0004-637X/751/2/115},
  adsurl        = {http://cdsads.u-strasbg.fr/abs/2012ApJ...751..115H},
  adsnote       = {Provided by the SAO/NASA Astrophysics Data System}
}

@article{cauley12,
  author        = {{Cauley}, P.~W. and {Johns-Krull}, C.~M. and {Hamilton}, C.~M. and
                   {Lockhart}, K.},
  title         = {{Testing Disk-locking in NGC 2264}},
  journal       = {\apj},
  archiveprefix = {arXiv},
  eprint        = {1207.3295},
  primaryclass  = {astro-ph.SR},
  keywords      = {accretion, accretion disks, stars: low-mass, stars: magnetic field, stars: pre-main sequence, stars: variables: T Tauri, Herbig Ae/Be},
  year          = 2012,
  month         = sep,
  volume        = 756,
  eid           = {68},
  pages         = {68},
  doi           = {10.1088/0004-637X/756/1/68},
  adsurl        = {http://cdsads.u-strasbg.fr/abs/2012ApJ...756...68C},
  adsnote       = {Provided by the SAO/NASA Astrophysics Data System}
}

@article{kraus11,
  author        = {{Kraus}, A.~L. and {Ireland}, M.~J. and {Martinache}, F. and
                   {Hillenbrand}, L.~A.},
  title         = {{Mapping the Shores of the Brown Dwarf Desert. II. Multiple Star Formation in Taurus-Auriga}},
  journal       = {\apj},
  archiveprefix = {arXiv},
  eprint        = {1101.4016},
  primaryclass  = {astro-ph.SR},
  keywords      = {binaries: general, brown dwarfs, stars: low-mass, stars: pre-main sequence},
  year          = 2011,
  month         = apr,
  volume        = 731,
  eid           = {8},
  pages         = {8},
  doi           = {10.1088/0004-637X/731/1/8},
  adsurl        = {http://cdsads.u-strasbg.fr/abs/2011ApJ...731....8K},
  adsnote       = {Provided by the SAO/NASA Astrophysics Data System}
}

@article{furlan11,
  author   = {{Furlan}, E. and {Luhman}, K.~L. and {Espaillat}, C. and {D'Alessio}, P. and
              {Adame}, L. and {Manoj}, P. and {Kim}, K.~H. and {Watson}, D.~M. and
              {Forrest}, W.~J. and {McClure}, M.~K. and {Calvet}, N. and {Sargent}, B.~A. and
              {Green}, J.~D. and {Fischer}, W.~J.},
  title    = {{The Spitzer Infrared Spectrograph Survey of T Tauri Stars in Taurus}},
  journal  = {\apjs},
  keywords = {circumstellar matter, protoplanetary disks, stars: formation, stars: low-mass, stars: pre-main sequence},
  year     = 2011,
  month    = jul,
  volume   = 195,
  eid      = {3},
  pages    = {3},
  doi      = {10.1088/0067-0049/195/1/3},
  adsurl   = {http://cdsads.u-strasbg.fr/abs/2011ApJS..195....3F},
  adsnote  = {Provided by the SAO/NASA Astrophysics Data System}
}

@article{karr10,
  author        = {{Karr}, J.~L. and {Ohashi}, N. and {Kudo}, T. and {Tamura}, M.
                   },
  title         = {{Candidate Coronagraphic Detections of Protoplanetary Disks Around Four Young Stars}},
  journal       = {\aj},
  archiveprefix = {arXiv},
  eprint        = {0911.5583},
  primaryclass  = {astro-ph.SR},
  keywords      = {protoplanetary disks, stars: pre-main sequence},
  year          = 2010,
  month         = mar,
  volume        = 139,
  pages         = {1015-1027},
  doi           = {10.1088/0004-6256/139/3/1015},
  adsurl        = {http://cdsads.u-strasbg.fr/abs/2010AJ....139.1015K},
  adsnote       = {Provided by the SAO/NASA Astrophysics Data System}
}



@article{luhman10,
  author        = {{Luhman}, K.~L. and {Allen}, P.~R. and {Espaillat}, C. and {Hartmann}, L. and
                   {Calvet}, N.},
  title         = {{The Disk Population of the Taurus Star-Forming Region}},
  journal       = {\apjs},
  archiveprefix = {arXiv},
  eprint        = {0911.5457},
  keywords      = {accretion, accretion disks, brown dwarfs, protoplanetary disks, stars: formation, stars: low-mass, stars: pre-main sequence},
  year          = 2010,
  month         = jan,
  volume        = 186,
  pages         = {111-174},
  doi           = {10.1088/0067-0049/186/1/111},
  adsurl        = {http://cdsads.u-strasbg.fr/abs/2010ApJS..186..111L},
  adsnote       = {Provided by the SAO/NASA Astrophysics Data System}
}


@article{kraus09,
  author        = {{Kraus}, A.~L. and {Hillenbrand}, L.~A.},
  title         = {{Unusually Wide Binaries: Are They Wide or Unusual?}},
  journal       = {\apj},
  archiveprefix = {arXiv},
  eprint        = {0908.1385},
  primaryclass  = {astro-ph.SR},
  keywords      = {binaries: general, binaries: visual, stars: formation, stars: pre-main sequence, stars: statistics},
  year          = 2009,
  month         = oct,
  volume        = 703,
  pages         = {1511-1530},
  doi           = {10.1088/0004-637X/703/2/1511},
  adsurl        = {http://cdsads.u-strasbg.fr/abs/2009ApJ...703.1511K},
  adsnote       = {Provided by the SAO/NASA Astrophysics Data System}
}


@article{itoh08,
  author   = {{Itoh}, Y. and {Tamura}, M. and {Hayashi}, M. and {Oasa}, Y. and
              {Hayashi}, S.~S. and {Fukagawa}, M. and {Kudo}, T. and {Mayama}, S. and
              {Ishii}, M. and {Pyo}, T.-S. and {Yamashita}, T. and {Morino}, J.
              },
  title    = {{Near-Infrared Spectroscopy of Faint Companions around Young Stellar Objects Associated with the Taurus Molecular Cloud}},
  journal  = {\pasj},
  keywords = {planetary systems: formation, techniques: high angular resolution},
  year     = 2008,
  month    = apr,
  volume   = 60,
  pages    = {209-218},
  doi      = {10.1093/pasj/60.2.209},
  adsurl   = {http://cdsads.u-strasbg.fr/abs/2008PASJ...60..209I},
  adsnote  = {Provided by the SAO/NASA Astrophysics Data System}
}

@article{mccabe06,
  author   = {{McCabe}, C. and {Ghez}, A.~M. and {Prato}, L. and {Duch{\^e}ne}, G. and
              {Fisher}, R.~S. and {Telesco}, C.},
  title    = {{Investigating Disk Evolution: A High Spatial Resolution Mid-Infrared Survey of T Tauri Stars}},
  journal  = {\apj},
  keywords = {Stars: Binaries: Close, Stars: Circumstellar Matter, Stars: Planetary Systems: Protoplanetary Disks, Stars: Pre-Main-Sequence},
  year     = 2006,
  month    = jan,
  volume   = 636,
  pages    = {932-951},
  doi      = {10.1086/498207},
  adsurl   = {http://cdsads.u-strasbg.fr/abs/2006ApJ...636..932M},
  adsnote  = {Provided by the SAO/NASA Astrophysics Data System}
}

@article{edwards06,
  author   = {{Edwards}, S. and {Fischer}, W. and {Hillenbrand}, L. and {Kwan}, J.
              },
  title    = {{Probing T Tauri Accretion and Outflow with 1 Micron Spectroscopy}},
  journal  = {\apj},
  eprint   = {astro-ph/0604006},
  keywords = {Stars: Planetary Systems: Protoplanetary Disks, Stars: Formation, Stars: Pre-Main-Sequence, Stars: Winds, Outflows},
  year     = 2006,
  month    = jul,
  volume   = 646,
  pages    = {319-341},
  doi      = {10.1086/504832},
  adsurl   = {http://cdsads.u-strasbg.fr/abs/2006ApJ...646..319E},
  adsnote  = {Provided by the SAO/NASA Astrophysics Data System}
}


@article{andrews05,
  author   = {{Andrews}, S.~M. and {Williams}, J.~P.},
  title    = {{Circumstellar Dust Disks in Taurus-Auriga: The Submillimeter Perspective}},
  journal  = {\apj},
  eprint   = {astro-ph/0506187},
  keywords = {Stars: Circumstellar Matter, Stars: Planetary Systems: Protoplanetary Disks, Solar System: Formation, Stars: Pre-Main-Sequence},
  year     = 2005,
  month    = oct,
  volume   = 631,
  pages    = {1134-1160},
  doi      = {10.1086/432712},
  adsurl   = {http://cdsads.u-strasbg.fr/abs/2005ApJ...631.1134A},
  adsnote  = {Provided by the SAO/NASA Astrophysics Data System}
}

@article{bouvier93,
  author   = {{Bouvier}, J. and {Cabrit}, S. and {Fernandez}, M. and {Martin}, E.~L. and
              {Matthews}, J.~M.},
  title    = {{COYOTES - Part One - Multisite UBVRI Photometry of 24 Pre Main Sequence Stars of the Taurus-Auriga Cloud}},
  journal  = {\aaps},
  keywords = {stars: pre-main sequence, stars: rotation, stars: activity},
  year     = 1993,
  month    = nov,
  volume   = 101,
  pages    = {485},
  adsurl   = {http://adsabs.harvard.edu/abs/1993A%26AS..101..485B},
  adsnote  = {Provided by the SAO/NASA Astrophysics Data System}
}

@article{pojmanski04,
  author   = {{Pojma{\'n}ski}, G.},
  title    = {{The All Sky Automated Survey}},
  journal  = {Astronomische Nachrichten},
  keywords = {techniques: photometric, surveys, catalogs},
  year     = 2004,
  month    = oct,
  volume   = 325,
  pages    = {553-555},
  doi      = {10.1002/asna.200410278},
  adsurl   = {http://adsabs.harvard.edu/abs/2004AN....325..553P},
  adsnote  = {Provided by the SAO/NASA Astrophysics Data System}
}

@article{garzon12,
  author        = {{Alfonso-Garz{\'o}n}, J. and {Domingo}, A. and {Mas-Hesse}, J.~M. and
                   {Gim{\'e}nez}, A.},
  title         = {{The first INTEGRAL-OMC catalogue of optically variable sources}},
  journal       = {\aap},
  archiveprefix = {arXiv},
  eprint        = {1210.0821},
  primaryclass  = {astro-ph.IM},
  keywords      = {catalogs, astronomical databases: miscellaneous, stars: variables: general, techniques: photometric},
  year          = 2012,
  month         = dec,
  volume        = 548,
  eid           = {A79},
  pages         = {A79},
  doi           = {10.1051/0004-6361/201220095},
  adsurl        = {http://adsabs.harvard.edu/abs/2012A%26A...548A..79A},
  adsnote       = {Provided by the SAO/NASA Astrophysics Data System}
}

@misc{kafka16,
  author       = {{Kafka}, S.},
  title        = {{Observations from the AAVSO International Database}},
  year         = {2016},
  howpublished = {\url{http://www.aavso.org}},
  note         = {[Online; accessed July-2016]}
}

@article{skrutskie06,
  author   = {{Skrutskie}, M.~F. and {Cutri}, R.~M. and {Stiening}, R. and
              {Weinberg}, M.~D. and {Schneider}, S. and {Carpenter}, J.~M. and
              {Beichman}, C. and {Capps}, R. and {Chester}, T. and {Elias}, J. and
              {Huchra}, J. and {Liebert}, J. and {Lonsdale}, C. and {Monet}, D.~G. and
              {Price}, S. and {Seitzer}, P. and {Jarrett}, T. and {Kirkpatrick}, J.~D. and
              {Gizis}, J.~E. and {Howard}, E. and {Evans}, T. and {Fowler}, J. and
              {Fullmer}, L. and {Hurt}, R. and {Light}, R. and {Kopan}, E.~L. and
              {Marsh}, K.~A. and {McCallon}, H.~L. and {Tam}, R. and {Van Dyk}, S. and
              {Wheelock}, S.},
  title    = {{The Two Micron All Sky Survey (2MASS)}},
  journal  = {\aj},
  keywords = {Catalogs, Infrared: General, Surveys},
  year     = 2006,
  month    = feb,
  volume   = 131,
  pages    = {1163-1183},
  doi      = {10.1086/498708},
  adsurl   = {http://adsabs.harvard.edu/abs/2006AJ....131.1163S},
  adsnote  = {Provided by the SAO/NASA Astrophysics Data System}
}


@article{cody14,
  author        = {{Cody}, A.~M. and {Stauffer}, J. and {Baglin}, A. and {Micela}, G. and
                   {Rebull}, L.~M. and {Flaccomio}, E. and {Morales-Calder{\'o}n}, M. and
                   {Aigrain}, S. and {Bouvier}, J. and {Hillenbrand}, L.~A. and
                   {Gutermuth}, R. and {Song}, I. and {Turner}, N. and {Alencar}, S.~H.~P. and
                   {Zwintz}, K. and {Plavchan}, P. and {Carpenter}, J. and {Findeisen}, K. and
                   {Carey}, S. and {Terebey}, S. and {Hartmann}, L. and {Calvet}, N. and
                   {Teixeira}, P. and {Vrba}, F.~J. and {Wolk}, S. and {Covey}, K. and
                   {Poppenhaeger}, K. and {G{\"u}nther}, H.~M. and {Forbrich}, J. and
                   {Whitney}, B. and {Affer}, L. and {Herbst}, W. and {Hora}, J. and
                   {Barrado}, D. and {Holtzman}, J. and {Marchis}, F. and {Wood}, K. and
                   {Medeiros Guimar{\~a}es}, M. and {Lillo Box}, J. and {Gillen}, E. and
                   {McQuillan}, A. and {Espaillat}, C. and {Allen}, L. and {D'Alessio}, P. and
                   {Favata}, F.},
  title         = {{CSI 2264: Simultaneous Optical and Infrared Light Curves of Young Disk-bearing Stars in NGC 2264 with CoRoT and Spitzer{\mdash}Evidence for Multiple Origins of Variability}},
  journal       = {\aj},
  archiveprefix = {arXiv},
  eprint        = {1401.6582},
  primaryclass  = {astro-ph.SR},
  keywords      = {accretion, accretion disks, circumstellar matter, protoplanetary disks, stars: pre-main sequence, stars: variables: T Tauri, Herbig Ae/Be, techniques: photometric},
  year          = 2014,
  month         = apr,
  volume        = 147,
  eid           = {82},
  pages         = {82},
  doi           = {10.1088/0004-6256/147/4/82},
  adsurl        = {http://adsabs.harvard.edu/abs/2014AJ....147...82C},
  adsnote       = {Provided by the SAO/NASA Astrophysics Data System}
}

@article{robertson14,
  author        = {{Robertson}, P. and {Mahadevan}, S. and {Endl}, M. and {Roy}, A.
                   },
  title         = {{Stellar activity masquerading as planets in the habitable zone of the M dwarf Gliese 581}},
  journal       = {Science},
  archiveprefix = {arXiv},
  eprint        = {1407.1049},
  primaryclass  = {astro-ph.EP},
  year          = 2014,
  month         = jul,
  volume        = 345,
  pages         = {440-444},
  doi           = {10.1126/science.1253253},
  adsurl        = {http://adsabs.harvard.edu/abs/2014Sci...345..440R},
  adsnote       = {Provided by the SAO/NASA Astrophysics Data System}
}

@inproceedings{wilson10,
  author    = {{Wilson}, J.~C. and {Hearty}, F. and {Skrutskie}, M.~F. and
               {Majewski}, S. and {Schiavon}, R. and {Eisenstein}, D. and {Gunn}, J. and
               {Blank}, B. and {Henderson}, C. and {Smee}, S. and {Barkhouser}, R. and
               {Harding}, A. and {Fitzgerald}, G. and {Stolberg}, T. and {Arns}, J. and
               {Nelson}, M. and {Brunner}, S. and {Burton}, A. and {Walker}, E. and
               {Lam}, C. and {Maseman}, P. and {Barr}, J. and {Leger}, F. and
               {Carey}, L. and {MacDonald}, N. and {Horne}, T. and {Young}, E. and
               {Rieke}, G. and {Rieke}, M. and {O'Brien}, T. and {Hope}, S. and
               {Krakula}, J. and {Crane}, J. and {Zhao}, B. and {Carr}, M. and
               {Harrison}, C. and {Stoll}, R. and {Vernieri}, M.~A. and {Holtzman}, J. and
               {Shetrone}, M. and {Allende-Prieto}, C. and {Johnson}, J. and
               {Frinchaboy}, P. and {Zasowski}, G. and {Bizyaev}, D. and {Gillespie}, B. and
               {Weinberg}, D.},
  title     = {{The Apache Point Observatory Galactic Evolution Experiment (APOGEE) high-resolution near-infrared multi-object fiber spectrograph}},
  booktitle = {Ground-based and Airborne Instrumentation for Astronomy III},
  year      = 2010,
  series    = {\procspie},
  volume    = 7735,
  month     = jul,
  eid       = {77351C},
  pages     = {77351C},
  doi       = {10.1117/12.856708},
  adsurl    = {http://adsabs.harvard.edu/abs/2010SPIE.7735E..1CW},
  adsnote   = {Provided by the SAO/NASA Astrophysics Data System}
}

@article{hunter07,
  author   = {{Hunter}, J.~D.},
  title    = {{Matplotlib: A 2D Graphics Environment}},
  journal  = {Computing in Science and Engineering},
  keywords = {Python, Scripting languages, Application development, Scientific programming  },
  year     = 2007,
  month    = may,
  volume   = 9,
  pages    = {90-95},
  doi      = {10.1109/MCSE.2007.55},
  adsurl   = {http://adsabs.harvard.edu/abs/2007CSE.....9...90H},
  adsnote  = {Provided by the SAO/NASA Astrophysics Data System}
}

@article{vanderwalt11,
  author  = {Walt, Stéfan van der and Colbert, S. Chris and Varoquaux, Gaël},
  title   = {The NumPy Array: A Structure for Efficient Numerical Computation},
  journal = {Computing in Science and Engineering},
  year    = {2011},
  volume  = {13},
  number  = {2},
  pages   = {22-30},
  url     = {http://scitation.aip.org/content/aip/journal/cise/13/2/10.1109/MCSE.2011.37},
  doi     = {http://dx.doi.org/10.1109/MCSE.2011.37}
}

@misc{jones01,
  author = {Eric Jones and Travis Oliphant and Pearu Peterson and others},
  title  = {{SciPy}: Open source scientific tools for {Python}},
  year   = {2001--},
  url    = {http://www.scipy.org/},
  note   = {[Online; accessed 2016-08-02]}
}

@inproceedings{mckinney10,
  author    = { Wes McKinney },
  title     = { Data Structures for Statistical Computing in Python },
  booktitle = { Proceedings of the 9th Python in Science Conference },
  pages     = { 51 - 56 },
  year      = { 2010 },
  editor    = { St\'efan van der Walt and Jarrod Millman }
}

@article{perez07,
  author  = {Pérez, Fernando and Granger, Brian E.},
  title   = {IPython: A System for Interactive Scientific Computing},
  journal = {Computing in Science and Engineering},
  year    = {2007},
  volume  = {9},
  number  = {3},
  pages   = {21-29},
  url     = {http://scitation.aip.org/content/aip/journal/cise/9/3/10.1109/MCSE.2007.53},
  doi     = {http://dx.doi.org/10.1109/MCSE.2007.53}
}

@article{oke82,
  author  = {{Oke}, J.~B. and {Gunn}, J.~E.},
  title   = {{An Efficient Low Resolution and Moderate Resolution Spectrograph for the Hale Telescope}},
  journal = {\pasp},
  year    = 1982,
  month   = jun,
  volume  = 94,
  pages   = {586},
  doi     = {10.1086/131027},
  adsurl  = {http://adsabs.harvard.edu/abs/1982PASP...94..586O},
  adsnote = {Provided by the SAO/NASA Astrophysics Data System}
}

@inproceedings{wilson04,
  author    = {{Wilson}, J.~C. and {Henderson}, C.~P. and {Herter}, T.~L. and
               {Matthews}, K. and {Skrutskie}, M.~F. and {Adams}, J.~D. and
               {Moon}, D.-S. and {Smith}, R. and {Gautier}, N. and {Ressler}, M. and
               {Soifer}, B.~T. and {Lin}, S. and {Howard}, J. and {LaMarr}, J. and
               {Stolberg}, T.~M. and {Zink}, J.},
  title     = {{Mass producing an efficient NIR spectrograph}},
  booktitle = {Ground-based Instrumentation for Astronomy},
  year      = 2004,
  series    = {\procspie},
  volume    = 5492,
  editor    = {{Moorwood}, A.~F.~M. and {Iye}, M.},
  month     = sep,
  pages     = {1295-1305},
  doi       = {10.1117/12.550925},
  adsurl    = {http://adsabs.harvard.edu/abs/2004SPIE.5492.1295W},
  adsnote   = {Provided by the SAO/NASA Astrophysics Data System}
}

@misc{waskom14,
  author = {Michael Waskom and
            Olga Botvinnik and
            Paul Hobson and
            John B. Cole and
            Yaroslav Halchenko and
            Stephan Hoyer and
            Alistair Miles and
            Tom Augspurger and
            Tal Yarkoni and
            Tobias Megies and
            Luis Pedro Coelho and
            Daniel Wehner and
            cynddl and
            Erik Ziegler and
            diego0020 and
            Yury V. Zaytsev and
            Travis Hoppe and
            Skipper Seabold and
            Phillip Cloud and
            Miikka Koskinen and
            Kyle Meyer and
            Adel Qalieh and
            Dan Allan},
  title  = {seaborn: v0.5.0 (November 2014)},
  month  = nov,
  year   = 2014,
  doi    = {10.5281/zenodo.12710},
  url    = {http://dx.doi.org/10.5281/zenodo.12710}
}

@article{deen13,
  author        = {{Deen}, C.~P.},
  title         = {{Modification of the MOOG Spectral Synthesis Codes to Account for Zeeman Broadening of Spectral Lines}},
  journal       = {\aj},
  archiveprefix = {arXiv},
  eprint        = {1306.6625},
  primaryclass  = {astro-ph.SR},
  keywords      = {stars: magnetic field, techniques: polarimetric, techniques: spectroscopic },
  year          = 2013,
  month         = sep,
  volume        = 146,
  eid           = {51},
  pages         = {51},
  doi           = {10.1088/0004-6256/146/3/51},
  adsurl        = {http://adsabs.harvard.edu/abs/2013AJ....146...51D},
  adsnote       = {Provided by the SAO/NASA Astrophysics Data System}
}

@misc{jaejoonlee15,
  author = {Jae-Joon Lee},
  title  = {plp: Version 2.0},
  month  = jun,
  year   = 2015,
  doi    = {10.5281/zenodo.18579},
  url    = {http://dx.doi.org/10.5281/zenodo.18579}
}

@misc{jaejoonlee16,
  author = {Jae-Joon Lee and
            Kevin Gullikson},
  title  = {plp: v2.1 alpha 3},
  month  = jun,
  year   = 2016,
  doi    = {10.5281/zenodo.56067},
  url    = {https://doi.org/10.5281/zenodo.56067}
}

@article{frasca15,
  author        = {{Frasca}, A. and {Biazzo}, K. and {Lanzafame}, A.~C. and {Alcal{\'a}}, J.~M. and
                   {Brugaletta}, E. and {Klutsch}, A. and {Stelzer}, B. and {Sacco}, G.~G. and
                   {Spina}, L. and {Jeffries}, R.~D. and {Montes}, D. and {Alfaro}, E.~J. and
                   {Barentsen}, G. and {Bonito}, R. and {Gameiro}, J.~F. and {L{\'o}pez-Santiago}, J. and
                   {Pace}, G. and {Pasquini}, L. and {Prisinzano}, L. and {Sousa}, S.~G. and
                   {Gilmore}, G. and {Randich}, S. and {Micela}, G. and {Bragaglia}, A. and
                   {Flaccomio}, E. and {Bayo}, A. and {Costado}, M.~T. and {Franciosini}, E. and
                   {Hill}, V. and {Hourihane}, A. and {Jofr{\'e}}, P. and {Lardo}, C. and
                   {Maiorca}, E. and {Masseron}, T. and {Morbidelli}, L. and {Worley}, C.~C.
                   },
  title         = {{The Gaia-ESO Survey: Chromospheric emission, accretion properties, and rotation in {$\gamma$} Velorum and Chamaeleon I{\star}{\star}{\star}}},
  journal       = {\aap},
  archiveprefix = {arXiv},
  eprint        = {1412.4153},
  primaryclass  = {astro-ph.SR},
  keywords      = {stars: chromospheres, stars: low-mass, open clusters and associations: individual:{$\gamma$}Velorum, stars: rotation, open clusters and associations: individual: Chamaeleon I, stars: pre-main sequence},
  year          = 2015,
  month         = mar,
  volume        = 575,
  eid           = {A4},
  pages         = {A4},
  doi           = {10.1051/0004-6361/201424409},
  adsurl        = {http://adsabs.harvard.edu/abs/2015A%26A...575A...4F},
  adsnote       = {Provided by the SAO/NASA Astrophysics Data System}
}

@inproceedings{allard14,
  author    = {{Allard}, F.},
  title     = {{The BT-Settl Model Atmospheres for Stars, Brown Dwarfs and Planets}},
  keywords  = {brown dwarfs, planets, clouds, etc,},
  booktitle = {Exploring the Formation and Evolution of Planetary Systems},
  year      = 2014,
  series    = {IAU Symposium},
  volume    = 299,
  editor    = {{Booth}, M. and {Matthews}, B.~C. and {Graham}, J.~R.},
  month     = jan,
  pages     = {271-272},
  doi       = {10.1017/S1743921313008545},
  adsurl    = {http://adsabs.harvard.edu/abs/2014IAUS..299..271A},
  adsnote   = {Provided by the SAO/NASA Astrophysics Data System}
}

@article{rayner09,
  author        = {{Rayner}, J.~T. and {Cushing}, M.~C. and {Vacca}, W.~D.},
  title         = {{The Infrared Telescope Facility (IRTF) Spectral Library: Cool Stars}},
  journal       = {\apjs},
  archiveprefix = {arXiv},
  eprint        = {0909.0818},
  primaryclass  = {astro-ph.SR},
  keywords      = {atlases, infrared: stars, stars: AGB and post-AGB, stars: carbon, stars: fundamental parameters, stars: late-type, techniques: spectroscopic},
  year          = 2009,
  month         = dec,
  volume        = 185,
  pages         = {289-432},
  doi           = {10.1088/0067-0049/185/2/289},
  adsurl        = {http://adsabs.harvard.edu/abs/2009ApJS..185..289R},
  adsnote       = {Provided by the SAO/NASA Astrophysics Data System}
}

@article{kirby11,
  author        = {{Kirby}, E.~N.},
  title         = {{Grids of ATLAS9 Model Atmospheres and MOOG Synthetic Spectra}},
  journal       = {\pasp},
  archiveprefix = {arXiv},
  eprint        = {1103.1385},
  primaryclass  = {astro-ph.SR},
  year          = 2011,
  month         = may,
  volume        = 123,
  pages         = {531-535},
  doi           = {10.1086/660019},
  adsurl        = {http://adsabs.harvard.edu/abs/2011PASP..123..531K},
  adsnote       = {Provided by the SAO/NASA Astrophysics Data System}
}


@article{kirby15,
  author        = {{Kirby}, E.~N. and {Guo}, M. and {Zhang}, A.~J. and {Deng}, M. and
                   {Cohen}, J.~G. and {Guhathakurta}, P. and {Shetrone}, M.~D. and
                   {Lee}, Y.~S. and {Rizzi}, L.},
  title         = {{Carbon in Red Giants in Globular Clusters and Dwarf Spheroidal Galaxies}},
  journal       = {\apj},
  archiveprefix = {arXiv},
  eprint        = {1501.06908},
  keywords      = {galaxies: abundances, galaxies: dwarf, Local Group, stars: abundances, stars: evolution},
  year          = 2015,
  month         = mar,
  volume        = 801,
  eid           = {125},
  pages         = {125},
  doi           = {10.1088/0004-637X/801/2/125},
  adsurl        = {http://adsabs.harvard.edu/abs/2015ApJ...801..125K},
  adsnote       = {Provided by the SAO/NASA Astrophysics Data System}
}

@article{petrov94,
  author   = {{Petrov}, P.~P. and {Shcherbakov}, V.~A. and {Berdyugina}, S.~V. and
              {Shevchenko}, V.~S. and {Grankin}, K.~N. and {Melnikov}, S.~Y.
              },
  title    = {{Photometric and spectroscopic observations of the spotted T Tauri star V410 Tauri.}},
  journal  = {\aaps},
  keywords = {STARS: PRE MAIN-SEQUENCE, STARS: INDIVIDUAL V410 TAU, STARS: IMAGING},
  year     = 1994,
  month    = oct,
  volume   = 107,
  adsurl   = {http://adsabs.harvard.edu/abs/1994A%26AS..107....9P},
  adsnote  = {Provided by the SAO/NASA Astrophysics Data System}
}

@article{covey16,
  author        = {{Covey}, K.~R. and {Ag{\"u}eros}, M.~A. and {Law}, N.~M. and
                   {Liu}, J. and {Ahmadi}, A. and {Laher}, R. and {Levitan}, D. and
                   {Sesar}, B. and {Surace}, J.},
  title         = {{Why Are Rapidly Rotating M Dwarfs in the Pleiades so (Infra)red? New Period Measurements Confirm Rotation-dependent Color Offsets From the Cluster Sequence}},
  journal       = {\apj},
  archiveprefix = {arXiv},
  eprint        = {1601.07237},
  primaryclass  = {astro-ph.SR},
  keywords      = {open clusters and associations: individual: M44, Pleiades, stars: late-type, stars: low-mass, stars: rotation, starspots },
  year          = 2016,
  month         = may,
  volume        = 822,
  eid           = {81},
  pages         = {81},
  doi           = {10.3847/0004-637X/822/2/81},
  adsurl        = {http://adsabs.harvard.edu/abs/2016ApJ...822...81C},
  adsnote       = {Provided by the SAO/NASA Astrophysics Data System}
}


@article{berdyugina05,
  author   = {{Berdyugina}, S.~V.},
  title    = {{Starspots: A Key to the Stellar Dynamo}},
  journal  = {Living Reviews in Solar Physics},
  keywords = {starspots, sunspots, stellar magnetic fields, stellar cycles, dynamo, differential rotation, Doppler imaging},
  year     = 2005,
  month    = dec,
  volume   = 2,
  doi      = {10.12942/lrsp-2005-8},
  adsurl   = {http://adsabs.harvard.edu/abs/2005LRSP....2....8B},
  adsnote  = {Provided by the SAO/NASA Astrophysics Data System}
}

@article{chugainov76,
  author   = {{Chugainov}, P.~F.},
  title    = {{Estimates of SPOT area and temperature on BY DRA}},
  journal  = {Izvestiya Ordena Trudovogo Krasnogo Znameni Krymskoj Astrofizicheskoj Observatorii},
  keywords = {Stellar Luminosity, Stellar Temperature, Variable Stars, Color, Penumbras, Stellar Magnitude, Tables (Data)},
  year     = 1976,
  volume   = 55,
  pages    = {94-99},
  adsurl   = {http://adsabs.harvard.edu/abs/1976IzKry..55...94C},
  adsnote  = {Provided by the SAO/NASA Astrophysics Data System}
}

@article{johnskrull99,
  author   = {{Johns-Krull}, C.~M. and {Valenti}, J.~A. and {Koresko}, C.},
  title    = {{Measuring the Magnetic Field on the Classical T Tauri Star BP Tauri}},
  journal  = {\apj},
  keywords = {ACCRETION, ACCRETION DISKS, INFRARED: STARS, STARS: INDIVIDUAL (61 CYGNI B, BP TAURI), STARS: MAGNETIC FIELDS, STARS: PRE-MAIN-SEQUENCE, Accretion, Accretion Disks, Infrared: Stars, stars: individual (61 Cygni B, BP Tauri), Stars: Magnetic Fields, Stars: Pre-Main-Sequence},
  year     = 1999,
  month    = may,
  volume   = 516,
  pages    = {900-915},
  doi      = {10.1086/307128},
  adsurl   = {http://adsabs.harvard.edu/abs/1999ApJ...516..900J},
  adsnote  = {Provided by the SAO/NASA Astrophysics Data System}
}

@article{fang2016,
  author        = {{Fang}, X.-S. and {Zhao}, G. and {Zhao}, J.-K. and {Chen}, Y.-Q. and
                   {Bharat Kumar}, Y.},
  title         = {{Stellar activity with LAMOST. I. Spot configuration in Pleiades}},
  journal       = {ArXiv e-prints},
  archiveprefix = {arXiv},
  eprint        = {1608.05452},
  primaryclass  = {astro-ph.SR},
  keywords      = {Astrophysics - Solar and Stellar Astrophysics},
  year          = 2016,
  month         = aug,
  adsurl        = {http://adsabs.harvard.edu/abs/2016arXiv160805452F},
  adsnote       = {Provided by the SAO/NASA Astrophysics Data System}
}


@article{roettenbacher16,
  author  = {{Roettenbacher}, R.~M. and {Monnier}, J.~D. and {Korhonen}, H. and
             {Aarnio}, A.~N. and {Baron}, F. and {Che}, X. and {Harmon}, R.~O. and
             {K{\H o}v{\'a}ri}, Z. and {Kraus}, S. and {Schaefer}, G.~H. and
             {Torres}, G. and {Zhao}, M. and {Ten Brummelaar}, T.~A. and
             {Sturmann}, J. and {Sturmann}, L.},
  title   = {{No Sun-like dynamo on the active star {$\zeta$} Andromedae from starspot asymmetry}},
  journal = {\nat},
  year    = 2016,
  month   = may,
  volume  = 533,
  pages   = {217-220},
  doi     = {10.1038/nature17444},
  adsurl  = {http://adsabs.harvard.edu/abs/2016Natur.533..217R},
  adsnote = {Provided by the SAO/NASA Astrophysics Data System}
}

@article{venuti15,
  author        = {{Venuti}, L. and {Bouvier}, J. and {Irwin}, J. and {Stauffer}, J.~R. and
                   {Hillenbrand}, L.~A. and {Rebull}, L.~M. and {Cody}, A.~M. and
                   {Alencar}, S.~H.~P. and {Micela}, G. and {Flaccomio}, E. and
                   {Peres}, G.},
  title         = {{UV variability and accretion dynamics in the young open cluster NGC 2264}},
  journal       = {\aap},
  archiveprefix = {arXiv},
  eprint        = {1506.06858},
  primaryclass  = {astro-ph.SR},
  keywords      = {accretion, accretion disks, stars: low-mass, stars: pre-main sequence, stars: variables: T Tauri, Herbig Ae/Be, open clusters and associations: individual: NGC 2264, ultraviolet: stars},
  year          = 2015,
  month         = sep,
  volume        = 581,
  eid           = {A66},
  pages         = {A66},
  doi           = {10.1051/0004-6361/201526164},
  adsurl        = {http://adsabs.harvard.edu/abs/2015A%26A...581A..66V},
  adsnote       = {Provided by the SAO/NASA Astrophysics Data System}
}


@article{grankin98,
  author  = {{Grankin}, K.~N.},
  title   = {{Analysis of long-term observations of four weak-line T Tauri stars}},
  journal = {Astronomy Letters},
  year    = 1998,
  month   = jul,
  volume  = 24,
  pages   = {497-506},
  adsurl  = {http://adsabs.harvard.edu/abs/1998AstL...24..497G},
  adsnote = {Provided by the SAO/NASA Astrophysics Data System}
}

@article{grankin99,
  author  = {{Grankin}, K.~N.},
  title   = {{Evolution of the light curve of V410 Tau during 1986-1997}},
  journal = {Astronomy Letters},
  year    = 1999,
  month   = aug,
  volume  = 25,
  pages   = {526-535},
  adsurl  = {http://adsabs.harvard.edu/abs/1999AstL...25..526G},
  adsnote = {Provided by the SAO/NASA Astrophysics Data System}
}

@article{bouvier92,
  author   = {{Bouvier}, J. and {Appenzeller}, I.},
  title    = {{A magnitude-limited spectroscopic and photometric survey of Rho Ophiuchus X-ray sources}},
  journal  = {\aaps},
  keywords = {Astronomical Photometry, Astronomical Spectroscopy, Ophiuchi Clouds, X Ray Sources, X Ray Spectroscopy, Emission Spectra, H Alpha Line, Heao 2, Hertzsprung-Russell Diagram, Lithium, Pre-Main Sequence Stars, Sky Surveys (Astronomy)},
  year     = 1992,
  month    = feb,
  volume   = 92,
  pages    = {481-516},
  adsurl   = {http://adsabs.harvard.edu/abs/1992A%26AS...92..481B},
  adsnote  = {Provided by the SAO/NASA Astrophysics Data System}
}

@article{cushing04,
  author   = {{Cushing}, M.~C. and {Vacca}, W.~D. and {Rayner}, J.~T.},
  title    = {{Spextool: A Spectral Extraction Package for SpeX, a 0.8-5.5 Micron Cross-Dispersed Spectrograph}},
  journal  = {\pasp},
  keywords = {Instrumentation: Spectrographs, Methods: Data Analysis, Techniques: Spectroscopic},
  year     = 2004,
  month    = apr,
  volume   = 116,
  pages    = {362-376},
  doi      = {10.1086/382907},
  adsurl   = {http://adsabs.harvard.edu/abs/2004PASP..116..362C},
  adsnote  = {Provided by the SAO/NASA Astrophysics Data System}
}




@article{vacca03,
  author   = {{Vacca}, W.~D. and {Cushing}, M.~C. and {Rayner}, J.~T.},
  title    = {{A Method of Correcting Near-Infrared Spectra for Telluric Absorption}},
  journal  = {\pasp},
  eprint   = {astro-ph/0211255},
  keywords = {Atmospheric Effects, Methods: Data Analysis, Techniques: Spectroscopic},
  year     = 2003,
  month    = mar,
  volume   = 115,
  pages    = {389-409},
  doi      = {10.1086/346193},
  adsurl   = {http://adsabs.harvard.edu/abs/2003PASP..115..389V},
  adsnote  = {Provided by the SAO/NASA Astrophysics Data System}
}


@article{jackson14a,
  author        = {{Jackson}, R.~J. and {Jeffries}, R.~D.},
  title         = {{The effect of starspots on the radii of low-mass pre-main-sequence stars}},
  journal       = {\mnras},
  archiveprefix = {arXiv},
  eprint        = {1404.0683},
  primaryclass  = {astro-ph.SR},
  keywords      = {stars: low-mass, stars: magnetic field, stars: rotation, open clusters and associations: individual: NGC 2516},
  year          = 2014,
  month         = jul,
  volume        = 441,
  pages         = {2111-2123},
  doi           = {10.1093/mnras/stu651},
  adsurl        = {http://adsabs.harvard.edu/abs/2014MNRAS.441.2111J},
  adsnote       = {Provided by the SAO/NASA Astrophysics Data System}
}



@article{gaia2016dr,
  author        = {{Gaia Collaboration} and {Brown}, A.~G.~A. and {Vallenari}, A. and
                   {Prusti}, T. and {de Bruijne}, J. and {Mignard}, F. and {Drimmel}, R. and
                   {co-authors}, 5.},
  title         = {{Gaia Data Release 1. Summary of the astrometric, photometric, and survey properties}},
  journal       = {ArXiv e-prints},
  archiveprefix = {arXiv},
  eprint        = {1609.04172},
  primaryclass  = {astro-ph.IM},
  keywords      = {Astrophysics - Instrumentation and Methods for Astrophysics},
  year          = 2016,
  month         = sep,
  adsurl        = {http://adsabs.harvard.edu/abs/2016arXiv160904172G},
  adsnote       = {Provided by the SAO/NASA Astrophysics Data System}
}

@article{somers14,
  author        = {{Somers}, G. and {Pinsonneault}, M.~H.},
  title         = {{A Tale of Two Anomalies: Depletion, Dispersion, and the Connection between the Stellar Lithium Spread and Inflated Radii on the Pre-main Sequence}},
  journal       = {\apj},
  archiveprefix = {arXiv},
  eprint        = {1402.6333},
  primaryclass  = {astro-ph.SR},
  keywords      = {stars: abundances, stars: evolution, stars: late-type, stars: pre-main sequence, stars: rotation},
  year          = 2014,
  month         = jul,
  volume        = 790,
  eid           = {72},
  pages         = {72},
  doi           = {10.1088/0004-637X/790/1/72},
  adsurl        = {http://adsabs.harvard.edu/abs/2014ApJ...790...72S},
  adsnote       = {Provided by the SAO/NASA Astrophysics Data System}
}


@article{somers15b,
  author        = {{Somers}, G. and {Pinsonneault}, M.~H.},
  title         = {{Rotation, inflation, and lithium in the Pleiades}},
  journal       = {\mnras},
  archiveprefix = {arXiv},
  eprint        = {1410.4238},
  primaryclass  = {astro-ph.SR},
  keywords      = {stars: abundances, stars: activity, stars: magnetic field, stars: pre-main-sequence, stars: rotation},
  year          = 2015,
  month         = jun,
  volume        = 449,
  pages         = {4131-4146},
  doi           = {10.1093/mnras/stv630},
  adsurl        = {http://adsabs.harvard.edu/abs/2015MNRAS.449.4131S},
  adsnote       = {Provided by the SAO/NASA Astrophysics Data System}
}


@article{macdonald13,
  author        = {{MacDonald}, J. and {Mullan}, D.~J.},
  title         = {{Magnetic Effects and Oversized M Dwarfs in the Young Open Cluster NGC 2516}},
  journal       = {\apj},
  archiveprefix = {arXiv},
  eprint        = {1302.2941},
  primaryclass  = {astro-ph.SR},
  keywords      = {open clusters and associations: individual: NGC 2516, stars: low-mass, stars: magnetic field},
  year          = 2013,
  month         = mar,
  volume        = 765,
  eid           = {126},
  pages         = {126},
  doi           = {10.1088/0004-637X/765/2/126},
  adsurl        = {http://adsabs.harvard.edu/abs/2013ApJ...765..126M},
  adsnote       = {Provided by the SAO/NASA Astrophysics Data System}
}

@article{basri92,
  author   = {{Basri}, G. and {Marcy}, G.~W. and {Valenti}, J.~A.},
  title    = {{Limits on the magnetic flux of pre-main-sequence stars}},
  journal  = {\apj},
  keywords = {Magnetic Flux, Pre-Main Sequence Stars, Stellar Magnetic Fields, Stellar Spectra, T Tauri Stars, Absorption Spectra, Line Spectra, Spectral Line Width, Zeeman Effect},
  year     = 1992,
  month    = may,
  volume   = 390,
  pages    = {622-633},
  doi      = {10.1086/171312},
  adsurl   = {http://adsabs.harvard.edu/abs/1992ApJ...390..622B},
  adsnote  = {Provided by the SAO/NASA Astrophysics Data System}
}

@article{crockett12,
  author        = {{Crockett}, C.~J. and {Mahmud}, N.~I. and {Prato}, L. and {Johns-Krull}, C.~M. and
                   {Jaffe}, D.~T. and {Hartigan}, P.~M. and {Beichman}, C.~A.},
  title         = {{A Search for Giant Planet Companions to T Tauri Stars}},
  journal       = {\apj},
  archiveprefix = {arXiv},
  eprint        = {1211.1389},
  primaryclass  = {astro-ph.EP},
  keywords      = {planets and satellites: detection, stars: pre-main sequence, techniques: radial velocities },
  year          = 2012,
  month         = dec,
  volume        = 761,
  eid           = {164},
  pages         = {164},
  doi           = {10.1088/0004-637X/761/2/164},
  adsurl        = {http://adsabs.harvard.edu/abs/2012ApJ...761..164C},
  adsnote       = {Provided by the SAO/NASA Astrophysics Data System}
}

@article{gullysantiago17,
  author        = {{Gully-Santiago}, M.~A. and {Herczeg}, G.~J. and {Czekala}, I. and
                   {Somers}, G. and {Grankin}, K. and {Covey}, K.~R. and {Donati}, J.~F. and
                   {Alencar}, S.~H.~P. and {Hussain}, G.~A.~J. and {Shappee}, B.~J. and
                   {Mace}, G.~N. and {Lee}, J.-J. and {Holoien}, T.~W.-S. and {Jose}, J. and
                   {Liu}, C.-F.},
  title         = {{Placing the Spotted T Tauri Star LkCa 4 on an HR Diagram}},
  journal       = {\apj},
  archiveprefix = {arXiv},
  eprint        = {1701.06703},
  primaryclass  = {astro-ph.SR},
  keywords      = {stars: fundamental parameters, stars: individual: LkCa 4, stars: low-mass, stars: statistics},
  year          = 2017,
  month         = feb,
  volume        = 836,
  eid           = {200},
  pages         = {200},
  doi           = {10.3847/1538-4357/836/2/200},
  adsurl        = {http://adsabs.harvard.edu/abs/2017ApJ...836..200G},
  adsnote       = {Provided by the SAO/NASA Astrophysics Data System}
}

@article{howell14,
  author        = {{Howell}, S.~B. and {Sobeck}, C. and {Haas}, M. and {Still}, M. and
                   {Barclay}, T. and {Mullally}, F. and {Troeltzsch}, J. and {Aigrain}, S. and
                   {Bryson}, S.~T. and {Caldwell}, D. and {Chaplin}, W.~J. and
                   {Cochran}, W.~D. and {Huber}, D. and {Marcy}, G.~W. and {Miglio}, A. and
                   {Najita}, J.~R. and {Smith}, M. and {Twicken}, J.~D. and {Fortney}, J.~J.
                   },
  title         = {{The K2 Mission: Characterization and Early Results}},
  journal       = {\pasp},
  archiveprefix = {arXiv},
  eprint        = {1402.5163},
  primaryclass  = {astro-ph.IM},
  year          = 2014,
  month         = apr,
  volume        = 126,
  pages         = {398},
  doi           = {10.1086/676406},
  adsurl        = {http://adsabs.harvard.edu/abs/2014PASP..126..398H},
  adsnote       = {Provided by the SAO/NASA Astrophysics Data System}
}

@article{montet17,
  author        = {{Montet}, B.~T. and {Tovar}, G. and {Foreman-Mackey}, D.},
  title         = {{Long-term Photometric Variability in Kepler Full-frame Images: Magnetic Cycles of Sun-like Stars}},
  journal       = {\apj},
  archiveprefix = {arXiv},
  eprint        = {1705.07928},
  primaryclass  = {astro-ph.SR},
  keywords      = {methods: data analysis, stars: activity, stars: solar-type, techniques: photometric},
  year          = 2017,
  month         = dec,
  volume        = 851,
  eid           = {116},
  pages         = {116},
  doi           = {10.3847/1538-4357/aa9e00},
  adsurl        = {http://adsabs.harvard.edu/abs/2017ApJ...851..116M},
  adsnote       = {Provided by the SAO/NASA Astrophysics Data System}
}

@article{mathieu03,
  author        = {{Mathieu}, Robert D. and {van den Berg}, Maureen and {Torres}, Guillermo
                   and {Latham}, David and {Verbunt}, Frank and {Stassun}, Keivan},
  title         = {{Sub-Subgiants in the Old Open Cluster M67?}},
  journal       = {\aj},
  keywords      = {Stars: Binaries: Spectroscopic, Stars: Color-Magnitude Diagrams, Galaxy:
                   Open Clusters and Associations: Individual: Messier Number: M67,
                   Stars: Evolution, Astrophysics},
  year          = 2003,
  month         = Jan,
  volume        = {125},
  pages         = {246-259},
  doi           = {10.1086/344944},
  archiveprefix = {arXiv},
  eprint        = {astro-ph/0209568},
  primaryclass  = {astro-ph},
  adsurl        = {https://ui.adsabs.harvard.edu/#abs/2003AJ....125..246M},
  adsnote       = {Provided by the SAO/NASA Astrophysics Data System}
}

@article{hackman12,
  author        = {{Hackman}, T. and {Mantere}, M.~J. and {Lindborg}, M. and {Ilyin}, I. and
                   {Kochukhov}, O. and {Piskunov}, N. and {Tuominen}, I.},
  title         = {{Doppler images of II Pegasi for 2004-2010}},
  journal       = {\aap},
  archiveprefix = {arXiv},
  eprint        = {1106.6237},
  primaryclass  = {astro-ph.SR},
  keywords      = {stars: imaging, stars: activity, starspots, stars: individual: HD 224085},
  year          = 2012,
  month         = feb,
  volume        = 538,
  eid           = {A126},
  pages         = {A126},
  doi           = {10.1051/0004-6361/201117603},
  adsurl        = {http://adsabs.harvard.edu/abs/2012A%26A...538A.126H},
  adsnote       = {Provided by the SAO/NASA Astrophysics Data System}
}

@article{geller17,
  author       = {{Geller}, Aaron M. and {Leiner}, Emily M. and {Bellini}, Andrea and
                  {Gleisinger}, Robert and {Haggard}, Daryl and {Kamann},
                  Sebastian and {Leigh}, Nathan W.~C. and {Mathieu}, Robert D. and
                  {Sills}, Alison and {Watkins}, Laura L. and {Zurek}, David},
  title        = {{On the Origin of Sub-subgiant Stars. I. Demographics}},
  journal      = {\apj},
  keywords     = {binaries: close, blue stragglers, globular clusters: general, open
                  clusters and associations: general, stars: evolution, stars:
                  variables: general, Astrophysics - Solar and Stellar
                  Astrophysics},
  year         = 2017,
  month        = May,
  volume       = {840},
  eid          = {66},
  pages        = {66},
  doi          = {10.3847/1538-4357/aa6af3},
  primaryclass = {astro-ph.SR},
  adsurl       = {https://ui.adsabs.harvard.edu/#abs/2017ApJ...840...66G},
  adsnote      = {Provided by the SAO/NASA Astrophysics Data System}
}

@article{leiner17,
  author       = {{Leiner}, Emily and {Mathieu}, Robert D. and {Geller}, Aaron M.},
  title        = {{On the Origin of Sub-subgiant Stars. II. Binary Mass Transfer, Envelope
                  Stripping, and Magnetic Activity}},
  journal      = {\apj},
  keywords     = {binaries: spectroscopic, galaxies: clusters: individual: M67, NGC 6791,
                  stars: magnetic field, stars: mass-loss, starspots, Astrophysics
                  - Solar and Stellar Astrophysics},
  year         = 2017,
  month        = May,
  volume       = {840},
  eid          = {67},
  pages        = {67},
  doi          = {10.3847/1538-4357/aa6aff},
  primaryclass = {astro-ph.SR},
  adsurl       = {https://ui.adsabs.harvard.edu/#abs/2017ApJ...840...67L},
  adsnote      = {Provided by the SAO/NASA Astrophysics Data System}
}

@article{vandenberg99,
  author        = {{van den Berg}, M. and {Verbunt}, F. and {Mathieu}, R.~D.},
  title         = {{Optical spectroscopy of X-ray sources in the old open cluster M 67}},
  journal       = {\aap},
  keywords      = {STARS: ACTIVITY, STARS: BINARIES: GENERAL, GALAXY: OPEN CLUSTERS AND
                   ASSOCIATIONS: INDIVIDUAL: M 67, X-RAYS: STARS, Astrophysics},
  year          = 1999,
  month         = Jul,
  volume        = {347},
  pages         = {866-875},
  archiveprefix = {arXiv},
  eprint        = {astro-ph/9904217},
  primaryclass  = {astro-ph},
  adsurl        = {https://ui.adsabs.harvard.edu/#abs/1999A&A...347..866V},
  adsnote       = {Provided by the SAO/NASA Astrophysics Data System}
}

@article{basri18,
  author        = {{Basri}, Gibor},
  title         = {{Calibration of Differential Light Curves for Physical Analysis of
                   Starspots}},
  journal       = {\apj},
  keywords      = {stars: activity, stars: magnetic field, starspots, Astrophysics - Solar
                   and Stellar Astrophysics},
  year          = 2018,
  month         = Oct,
  volume        = {865},
  eid           = {142},
  pages         = {142},
  doi           = {10.3847/1538-4357/aade45},
  archiveprefix = {arXiv},
  eprint        = {1809.00071},
  primaryclass  = {astro-ph.SR},
  adsurl        = {https://ui.adsabs.harvard.edu/\#abs/2018ApJ...865..142B},
  adsnote       = {Provided by the SAO/NASA Astrophysics Data System}
}

@misc{geert_barentsen_2019_2565212,
  author = {Geert Barentsen and
            Christina Hedges and
            Zé Vinícius and
            Nicholas Saunders and
            gully and
            Oliver Hall and
            Sheila Sagear and
            KenMighell and
            Tom Barclay and
            Keaton Bell and
            Johnny Zhang and
            Emma Turtelboom and
            Zach Berta-Thompson and
            Peter Williams and
            Jose A Lerma III and
            Brennan Vincello and
            Anand Sundaram},
  title  = {KeplerGO/lightkurve: Lightkurve v1.0b29},
  month  = feb,
  year   = 2019,
  doi    = {10.5281/zenodo.2565212},
  url    = {https://doi.org/10.5281/zenodo.2565212}
}

@article{2017PASP..129j4502K,
  author        = {{Kochanek}, C.~S. and {Shappee}, B.~J. and {Stanek}, K.~Z. and
                   {Holoien}, T.~W.-S. and {Thompson}, T.~A. and {Prieto}, J.~L. and
                   {Dong}, S. and {Shields}, J.~V. and {Will}, D. and {Britt}, C. and
                   {Perzanowski}, D. and {Pojma{\'n}ski}, G.},
  title         = {{The All-Sky Automated Survey for Supernovae (ASAS-SN) Light Curve Server v1.0}},
  journal       = {\pasp},
  archiveprefix = {arXiv},
  eprint        = {1706.07060},
  primaryclass  = {astro-ph.SR},
  year          = 2017,
  month         = oct,
  volume        = 129,
  number        = 10,
  pages         = {104502},
  doi           = {10.1088/1538-3873/aa80d9},
  adsurl        = {http://adsabs.harvard.edu/abs/2017PASP..129j4502K},
  adsnote       = {Provided by the SAO/NASA Astrophysics Data System}
}


@article{2018A&A...616A...1G,
  author        = {{Gaia Collaboration} and {Brown}, A.~G.~A. and {Vallenari}, A. and
                   {Prusti}, T. and {de Bruijne}, J.~H.~J. and {Babusiaux}, C. and
                   {Bailer-Jones}, C.~A.~L. and {Biermann}, M. and {Evans}, D.~W. and
                   {Eyer}, L. and et al.},
  title         = {{Gaia Data Release 2. Summary of the contents and survey properties}},
  journal       = {\aap},
  archiveprefix = {arXiv},
  eprint        = {1804.09365},
  keywords      = {catalogs, astrometry, techniques: radial velocities, stars: fundamental parameters, stars: variables: general, minor planets, asteroids: general},
  year          = 2018,
  month         = aug,
  volume        = 616,
  eid           = {A1},
  pages         = {A1},
  doi           = {10.1051/0004-6361/201833051},
  adsurl        = {http://adsabs.harvard.edu/abs/2018A%26A...616A...1G},
  adsnote       = {Provided by the SAO/NASA Astrophysics Data System}
}

@article{2016A&A...595A...1G,
  author        = {{Gaia Collaboration} and {Prusti}, T. and {de Bruijne}, J.~H.~J. and
                   {Brown}, A.~G.~A. and {Vallenari}, A. and {Babusiaux}, C. and
                   {Bailer-Jones}, C.~A.~L. and {Bastian}, U. and {Biermann}, M. and
                   {Evans}, D.~W. and et al.},
  title         = {{The Gaia mission}},
  journal       = {\aap},
  archiveprefix = {arXiv},
  eprint        = {1609.04153},
  primaryclass  = {astro-ph.IM},
  keywords      = {space vehicles: instruments, Galaxy: structure, astrometry, parallaxes, proper motions, telescopes},
  year          = 2016,
  month         = nov,
  volume        = 595,
  eid           = {A1},
  pages         = {A1},
  doi           = {10.1051/0004-6361/201629272},
  adsurl        = {http://adsabs.harvard.edu/abs/2016A%26A...595A...1G},
  adsnote       = {Provided by the SAO/NASA Astrophysics Data System}
}


@article{2018ApJ...869....9G,
  author   = {{Gao}, X.},
  title    = {{A Machine-learning-based Investigation of the Open Cluster M67}},
  journal  = {\apj},
  keywords = {methods: data analysis, methods: statistical, open clusters and associations: individual: M67, parallaxes, proper motions },
  year     = 2018,
  month    = dec,
  volume   = 869,
  eid      = {9},
  pages    = {9},
  doi      = {10.3847/1538-4357/aae8dd},
  adsurl   = {http://adsabs.harvard.edu/abs/2018ApJ...869....9G},
  adsnote  = {Provided by the SAO/NASA Astrophysics Data System}
}

@article{2020arXiv200805827P,
  author        = {{Piskunov}, Nikolai and {Wehrhahn}, Ansgar and {Marquart}, Thomas},
  title         = {{Optimal extraction of echelle spectra: getting the most from observations}},
  journal       = {arXiv e-prints},
  keywords      = {Astrophysics - Instrumentation and Methods for Astrophysics},
  year          = 2020,
  month         = aug,
  eid           = {arXiv:2008.05827},
  pages         = {arXiv:2008.05827},
  archiveprefix = {arXiv},
  eprint        = {2008.05827},
  primaryclass  = {astro-ph.IM},
  adsurl        = {https://ui.adsabs.harvard.edu/abs/2020arXiv200805827P},
  adsnote       = {Provided by the SAO/NASA Astrophysics Data System}
}


@article{2002A&A...385.1095P,
  author   = {{Piskunov}, N.~E. and {Valenti}, J.~A.},
  title    = {{New algorithms for reducing cross-dispersed echelle spectra}},
  journal  = {\aap},
  keywords = {INSTRUMENTATION: SPECTROGRAPHS, METHODS: DATA ANALYSIS, TECHNIQUES: SPECTROSCOPIC},
  year     = 2002,
  month    = apr,
  volume   = {385},
  pages    = {1095-1106},
  doi      = {10.1051/0004-6361:20020175},
  adsurl   = {https://ui.adsabs.harvard.edu/abs/2002A&A...385.1095P},
  adsnote  = {Provided by the SAO/NASA Astrophysics Data System}
}

@article{1986PASP...98..609H,
  author   = {{Horne}, K.},
  title    = {{An optimal extraction algorithm for CCD spectroscopy.}},
  journal  = {\pasp},
  keywords = {Astronomical Spectroscopy, Charge Coupled Devices, Data Reduction, Spectrum Analysis, Image Processing, Iteration, Optimization, Spatial Resolution, Stellar Spectra, Variance (Statistics), Instrumentation and Photography},
  year     = 1986,
  month    = jun,
  volume   = {98},
  pages    = {609-617},
  doi      = {10.1086/131801},
  adsurl   = {https://ui.adsabs.harvard.edu/abs/1986PASP...98..609H},
  adsnote  = {Provided by the SAO/NASA Astrophysics Data System}
}

@article{2010PASP..122..248B,
  author        = {{Bolton}, Adam S. and {Schlegel}, David J.},
  title         = {{Spectro-Perfectionism: An Algorithmic Framework for Photon Noise-Limited Extraction of Optical Fiber Spectroscopy}},
  journal       = {\pasp},
  keywords      = {Astrophysics - Instrumentation and Methods for Astrophysics, Astrophysics - Cosmology and Nongalactic Astrophysics},
  year          = 2010,
  month         = feb,
  volume        = {122},
  number        = {888},
  pages         = {248},
  doi           = {10.1086/651008},
  archiveprefix = {arXiv},
  eprint        = {0911.2689},
  primaryclass  = {astro-ph.IM},
  adsurl        = {https://ui.adsabs.harvard.edu/abs/2010PASP..122..248B},
  adsnote       = {Provided by the SAO/NASA Astrophysics Data System}
}


@article{2014A&A...561A..59Z,
  author        = {{Zechmeister}, M. and {Anglada-Escud{\'e}}, G. and {Reiners}, A.},
  title         = {{Flat-relative optimal extraction. A quick and efficient algorithm for stabilised spectrographs}},
  journal       = {\aap},
  keywords      = {instrumentation: spectrographs, methods: data analysis, techniques: image processing, techniques: radial velocities, Astrophysics - Instrumentation and Methods for Astrophysics, Astrophysics - Earth and Planetary Astrophysics, Astrophysics - Solar and Stellar Astrophysics},
  year          = 2014,
  month         = jan,
  volume        = {561},
  eid           = {A59},
  pages         = {A59},
  doi           = {10.1051/0004-6361/201322746},
  archiveprefix = {arXiv},
  eprint        = {1311.5263},
  primaryclass  = {astro-ph.IM},
  adsurl        = {https://ui.adsabs.harvard.edu/abs/2014A&A...561A..59Z},
  adsnote       = {Provided by the SAO/NASA Astrophysics Data System}
}




@article{harris2020array,
  title     = {Array programming with {NumPy}},
  author    = {Charles R. Harris and K. Jarrod Millman and St{'{e}}fan J.
               van der Walt and Ralf Gommers and Pauli Virtanen and David
               Cournapeau and Eric Wieser and Julian Taylor and Sebastian
               Berg and Nathaniel J. Smith and Robert Kern and Matti Picus
               and Stephan Hoyer and Marten H. van Kerkwijk and Matthew
               Brett and Allan Haldane and Jaime Fern{'{a}}ndez del
               R{'{\i}}o and Mark Wiebe and Pearu Peterson and Pierre
               G{'{e}}rard-Marchant and Kevin Sheppard and Tyler Reddy and
               Warren Weckesser and Hameer Abbasi and Christoph Gohlke and
               Travis E. Oliphant},
  year      = {2020},
  month     = sep,
  journal   = {Nature},
  volume    = {585},
  number    = {7825},
  pages     = {357--362},
  doi       = {10.1038/s41586-020-2649-2},
  publisher = {Springer Science and Business Media {LLC}},
  url       = {https://doi.org/10.1038/s41586-020-2649-2}
}

@incollection{NEURIPS2019_9015,
  title     = {PyTorch: An Imperative Style, High-Performance Deep Learning Library},
  author    = {Paszke, Adam and Gross, Sam and Massa, Francisco and Lerer, Adam and Bradbury, James and Chanan, Gregory and Killeen, Trevor and Lin, Zeming and Gimelshein, Natalia and Antiga, Luca and Desmaison, Alban and Kopf, Andreas and Yang, Edward and DeVito, Zachary and Raison, Martin and Tejani, Alykhan and Chilamkurthy, Sasank and Steiner, Benoit and Fang, Lu and Bai, Junjie and Chintala, Soumith},
  booktitle = {Advances in Neural Information Processing Systems 32},
  editor    = {H. Wallach and H. Larochelle and A. Beygelzimer and F. d\textquotesingle Alch\'{e}-Buc and E. Fox and R. Garnett},
  pages     = {8024--8035},
  year      = {2019},
  publisher = {Curran Associates, Inc.},
  url       = {http://papers.neurips.cc/paper/9015-pytorch-an-imperative-style-high-performance-deep-learning-library.pdf}
}

@software{reback2020pandas,
  author    = {The pandas development team},
  title     = {pandas-dev/pandas: Pandas},
  month     = feb,
  year      = 2020,
  publisher = {Zenodo},
  version   = {latest},
  doi       = {10.5281/zenodo.3509134},
  url       = {https://doi.org/10.5281/zenodo.3509134}
}


@article{2014AdSpR..53.1647S,
  author  = {{Sim}, Chae Kyung and {Le}, Huynh Anh Nguyen and {Pak}, Soojong and {Lee}, Hye-In and {Kang}, Wonseok and {Chun}, Moo-Young and {Jeong}, Ueejeong and {Yuk}, In-Soo and {Kim}, Kang-Min and {Park}, Chan and {Pavel}, Michael D. and {Jaffe}, Daniel T.},
  title   = {{Comprehensive data reduction package for the Immersion GRating INfrared Spectrograph: IGRINS}},
  journal = {Advances in Space Research},
  year    = 2014,
  month   = jun,
  volume  = {53},
  number  = {11},
  pages   = {1647-1656},
  doi     = {10.1016/j.asr.2014.02.024},
  adsurl  = {https://ui.adsabs.harvard.edu/abs/2014AdSpR..53.1647S},
  adsnote = {Provided by the SAO/NASA Astrophysics Data System}
}

@article{2021AA...646A..32P,
  author        = {{Piskunov}, Nikolai and {Wehrhahn}, Ansgar and {Marquart}, Thomas},
  title         = {{Optimal extraction of echelle spectra: Getting the most out of observations}},
  journal       = {\aap},
  keywords      = {instrumentation: spectrographs, methods: data analysis, techniques: spectroscopic, methods: numerical, Astrophysics - Instrumentation and Methods for Astrophysics},
  year          = 2021,
  month         = feb,
  volume        = {646},
  eid           = {A32},
  pages         = {A32},
  doi           = {10.1051/0004-6361/202038293},
  archiveprefix = {arXiv},
  eprint        = {2008.05827},
  primaryclass  = {astro-ph.IM},
  adsurl        = {https://ui.adsabs.harvard.edu/abs/2021A&A...646A..32P},
  adsnote       = {Provided by the SAO/NASA Astrophysics Data System}
}

@article{2022PASP..134k4509C,
  author        = {{Cook}, Neil James and {Artigau}, {\'E}tienne and {Doyon}, Ren{\'e} and {Hobson}, Melissa and {Martioli}, Eder and {Bouchy}, Fran{\c{c}}ois and {Moutou}, Claire and {Carmona}, Andres and {Usher}, Chris and {Fouqu{\'e}}, Pascal and {Arnold}, Luc and {Delfosse}, Xavier and {Boisse}, Isabelle and {Cadieux}, Charles and {Vandal}, Thomas and {Donati}, Jean-Fran{\c{c}}ois and {Desli{\`e}res}, Ariane},
  title         = {{APERO: A PipelinE to Reduce Observations-Demonstration with SPIRou}},
  journal       = {\pasp},
  keywords      = {Astronomy data reduction, Spectropolarimetry, Radial velocity, Spectroscopy, Calibration, Near infrared astronomy, 1861, 1973, 1332, 1558, 2179, 1093, Astrophysics - Instrumentation and Methods for Astrophysics, Astrophysics - Earth and Planetary Astrophysics, Astrophysics - Solar and Stellar Astrophysics},
  year          = 2022,
  month         = nov,
  volume        = {134},
  number        = {1041},
  eid           = {114509},
  pages         = {114509},
  doi           = {10.1088/1538-3873/ac9e74},
  archiveprefix = {arXiv},
  eprint        = {2211.01358},
  primaryclass  = {astro-ph.IM},
  adsurl        = {https://ui.adsabs.harvard.edu/abs/2022PASP..134k4509C},
  adsnote       = {Provided by the SAO/NASA Astrophysics Data System}
}


@article{2020MNRAS.499.1972X,
  author        = {{Xu}, Jiali and {Yin}, Qian and {Guo}, Ping and {Zheng}, Xin},
  title         = {{Two-dimensional multifibre spectral image correction based on machine learning techniques}},
  journal       = {\mnras},
  keywords      = {instrumentation: miscellaneous, methods: data analysis, methods: statistical, techniques: image processing, Astrophysics - Instrumentation and Methods for Astrophysics, Computer Science - Computer Vision and Pattern Recognition, Electrical Engineering and Systems Science - Image and Video Processing},
  year          = 2020,
  month         = dec,
  volume        = {499},
  number        = {2},
  pages         = {1972-1984},
  doi           = {10.1093/mnras/staa2883},
  archiveprefix = {arXiv},
  eprint        = {2002.06600},
  primaryclass  = {astro-ph.IM},
  adsurl        = {https://ui.adsabs.harvard.edu/abs/2020MNRAS.499.1972X},
  adsnote       = {Provided by the SAO/NASA Astrophysics Data System}
}


@article{2023arXiv230704898N,
  author        = {{Neveu}, J{\'e}r{\'e}my and {Br{\'e}maud}, Vincent and {Antilogus}, Pierre and {Barret}, Florent and {Bongard}, S{\'e}bastien and {Copin}, Yannick and {Dagoret-Campagne}, Sylvie and {Juramy}, Claire and {Le-Guillou}, Laurent and {Moniez}, Marc and {Sepulveda}, Eduardo and {The LSST Dark Energy Science Collaboration}},
  title         = {{Slitless spectrophotometry with forward modelling: principles and application to atmospheric transmission measurement}},
  journal       = {arXiv e-prints},
  keywords      = {Astrophysics - Instrumentation and Methods for Astrophysics},
  year          = 2023,
  month         = jul,
  eid           = {arXiv:2307.04898},
  pages         = {arXiv:2307.04898},
  doi           = {10.48550/arXiv.2307.04898},
  archiveprefix = {arXiv},
  eprint        = {2307.04898},
  primaryclass  = {astro-ph.IM},
  adsurl        = {https://ui.adsabs.harvard.edu/abs/2023arXiv230704898N},
  adsnote       = {Provided by the SAO/NASA Astrophysics Data System}
}

@article{2019PASP..131l4503C,
  author        = {{Cornachione}, Matthew A. and {Bolton}, Adam S. and {Eastman}, Jason D. and {Wilson}, Maurice L. and {Wang}, Sharon X. and {Johnson}, Samson A. and {Sliski}, David H. and {McCrady}, Nate and {Wright}, Jason T. and {Plavchan}, Peter and {Johnson}, John Asher and {Horner}, Jonathan and {Wittenmyer}, Robert A.},
  title         = {{A Full Implementation of Spectro-perfectionism for Precise Radial Velocity Exoplanet Detection: A Test Case With the MINERVA Reduction Pipeline}},
  journal       = {\pasp},
  keywords      = {Astrophysics - Instrumentation and Methods for Astrophysics, Astrophysics - Earth and Planetary Astrophysics},
  year          = 2019,
  month         = dec,
  volume        = {131},
  number        = {1006},
  pages         = {124503},
  doi           = {10.1088/1538-3873/ab4103},
  archiveprefix = {arXiv},
  eprint        = {1911.04985},
  primaryclass  = {astro-ph.IM},
  adsurl        = {https://ui.adsabs.harvard.edu/abs/2019PASP..131l4503C},
  adsnote       = {Provided by the SAO/NASA Astrophysics Data System}
}

@inproceedings{2018SPIE10698E..5JV,
  author        = {{Vorobiev}, Dmitry and {Ninkov}, Zoran and {Caldwell}, Douglas and {Mochnacki}, Stefan},
  title         = {{Direct measurement of the intra-pixel response function of the Kepler Space Telescope's CCDs}},
  keywords      = {Astrophysics - Instrumentation and Methods for Astrophysics},
  booktitle     = {Space Telescopes and Instrumentation 2018: Optical, Infrared, and Millimeter Wave},
  year          = 2018,
  editor        = {{Lystrup}, Makenzie and {MacEwen}, Howard A. and {Fazio}, Giovanni G. and {Batalha}, Natalie and {Siegler}, Nicholas and {Tong}, Edward C.},
  series        = {Society of Photo-Optical Instrumentation Engineers (SPIE) Conference Series},
  volume        = {10698},
  month         = jul,
  eid           = {106985J},
  pages         = {106985J},
  doi           = {10.1117/12.2313727},
  archiveprefix = {arXiv},
  eprint        = {1806.07430},
  primaryclass  = {astro-ph.IM},
  adsurl        = {https://ui.adsabs.harvard.edu/abs/2018SPIE10698E..5JV},
  adsnote       = {Provided by the SAO/NASA Astrophysics Data System}
}

@inproceedings{2020SPIE11454E..0SA,
  author    = {{Ahmed}, Saad and {Hall}, David and {Crowley}, Cian and {Skottfelt}, Jesper and {Dryer}, Ben and {Seabroke}, George and {Hernandez}, Jose and {Holland}, Andrew},
  title     = {{Gaia CCDs: charge transfer inefficiency measurements between five years of flight}},
  booktitle = {X-Ray, Optical, and Infrared Detectors for Astronomy IX},
  year      = 2020,
  editor    = {{Holland}, Andrew D. and {Beletic}, James},
  series    = {Society of Photo-Optical Instrumentation Engineers (SPIE) Conference Series},
  volume    = {11454},
  month     = dec,
  eid       = {114540S},
  pages     = {114540S},
  doi       = {10.1117/12.2562162},
  adsurl    = {https://ui.adsabs.harvard.edu/abs/2020SPIE11454E..0SA},
  adsnote   = {Provided by the SAO/NASA Astrophysics Data System}
}

@inproceedings{2014SPIE.9147E..1GM,
  author    = {{Mahadevan}, Suvrath and {Ramsey}, Lawrence W. and {Terrien}, Ryan and {Halverson}, Samuel and {Roy}, Arpita and {Hearty}, Fred and {Levi}, Eric and {Stefansson}, Gudmundur K. and {Robertson}, Paul and {Bender}, Chad and {Schwab}, Chris and {Nelson}, Matt},
  title     = {{The Habitable-zone Planet Finder: A status update on the development of a stabilized fiber-fed near-infrared spectrograph for the for the Hobby-Eberly telescope}},
  booktitle = {Ground-based and Airborne Instrumentation for Astronomy V},
  year      = 2014,
  editor    = {{Ramsay}, Suzanne K. and {McLean}, Ian S. and {Takami}, Hideki},
  series    = {Society of Photo-Optical Instrumentation Engineers (SPIE) Conference Series},
  volume    = {9147},
  month     = jul,
  eid       = {91471G},
  pages     = {91471G},
  doi       = {10.1117/12.2056417},
  adsurl    = {https://ui.adsabs.harvard.edu/abs/2014SPIE.9147E..1GM},
  adsnote   = {Provided by the SAO/NASA Astrophysics Data System}
}


@ARTICLE{2011ApJ...733...84P,
       author = {{Pontoppidan}, Klaus M. and {Blake}, Geoffrey A. and {Smette}, Alain},
        title = "{The Structure and Dynamics of Molecular Gas in Planet-forming Zones: A CRIRES Spectro-astrometric Survey}",
      journal = {\apj},
     keywords = {ISM: molecules, line: profiles, protoplanetary disks, techniques: imaging spectroscopy, Astrophysics - Earth and Planetary Astrophysics},
         year = 2011,
        month = jun,
       volume = {733},
       number = {2},
          eid = {84},
        pages = {84},
          doi = {10.1088/0004-637X/733/2/84},
archivePrefix = {arXiv},
       eprint = {1103.3000},
 primaryClass = {astro-ph.EP},
       adsurl = {https://ui.adsabs.harvard.edu/abs/2011ApJ...733...84P},
      adsnote = {Provided by the SAO/NASA Astrophysics Data System}
}

@article{2019arXiv191201703P,
  author        = {{Paszke}, Adam and {Gross}, Sam and {Massa}, Francisco and {Lerer}, Adam and {Bradbury}, James and {Chanan}, Gregory and {Killeen}, Trevor and {Lin}, Zeming and {Gimelshein}, Natalia and {Antiga}, Luca and {Desmaison}, Alban and {K{\"o}pf}, Andreas and {Yang}, Edward and {DeVito}, Zach and {Raison}, Martin and {Tejani}, Alykhan and {Chilamkurthy}, Sasank and {Steiner}, Benoit and {Fang}, Lu and {Bai}, Junjie and {Chintala}, Soumith},
  title         = {{PyTorch: An Imperative Style, High-Performance Deep Learning Library}},
  journal       = {arXiv e-prints},
  keywords      = {Computer Science - Machine Learning, Computer Science - Mathematical Software, Statistics - Machine Learning},
  year          = 2019,
  month         = dec,
  eid           = {arXiv:1912.01703},
  pages         = {arXiv:1912.01703},
  archiveprefix = {arXiv},
  eprint        = {1912.01703},
  primaryclass  = {cs.LG},
  adsurl        = {https://ui.adsabs.harvard.edu/abs/2019arXiv191201703P},
  adsnote       = {Provided by the SAO/NASA Astrophysics Data System}
}

@article{tensorflow2015-whitepaper,
  title   = { {TensorFlow}: Large-Scale Machine Learning on Heterogeneous Systems},
  url     = {https://www.tensorflow.org/},
  note    = {Software available from tensorflow.org},
  author  = {
             Mart\'{i}n~Abadi and
             Ashish~Agarwal and
             Paul~Barham and
             Eugene~Brevdo and
             Zhifeng~Chen and
             Craig~Citro and
             Greg~S.~Corrado and
             Andy~Davis and
             Jeffrey~Dean and
             Matthieu~Devin and
             Sanjay~Ghemawat and
             Ian~Goodfellow and
             Andrew~Harp and
             Geoffrey~Irving and
             Michael~Isard and
             Yangqing Jia and
             Rafal~Jozefowicz and
             Lukasz~Kaiser and
             Manjunath~Kudlur and
             Josh~Levenberg and
             Dandelion~Man\'{e} and
             Rajat~Monga and
             Sherry~Moore and
             Derek~Murray and
             Chris~Olah and
             Mike~Schuster and
             Jonathon~Shlens and
             Benoit~Steiner and
             Ilya~Sutskever and
             Kunal~Talwar and
             Paul~Tucker and
             Vincent~Vanhoucke and
             Vijay~Vasudevan and
             Fernanda~Vi\'{e}gas and
             Oriol~Vinyals and
             Pete~Warden and
             Martin~Wattenberg and
             Martin~Wicke and
             Yuan~Yu and
             Xiaoqiang~Zheng},
  year    = {2015},
  journal = {Google White Paper}
}

@misc{jax2018github,
  author    = {James Bradbury and Roy Frostig and Peter Hawkins and Matthew James Johnson and Chris Leary and Dougal Maclaurin and George Necula and Adam Paszke and Jake Vander{P}las and Skye Wanderman-{M}ilne and Qiao Zhang},
  title     = {{JAX}: composable transformations of {P}ython+{N}um{P}y programs},
  url       = {http://github.com/google/jax},
  version   = {0.2.5},
  publisher = {''},
  year      = {2018}
}

@article{2014arXiv1412.6980K,
  author        = {{Kingma}, Diederik P. and {Ba}, Jimmy},
  title         = {{Adam: A Method for Stochastic Optimization}},
  journal       = {arXiv e-prints},
  keywords      = {Computer Science - Machine Learning},
  year          = 2014,
  month         = dec,
  eid           = {arXiv:1412.6980},
  pages         = {arXiv:1412.6980},
  archiveprefix = {arXiv},
  eprint        = {1412.6980},
  primaryclass  = {cs.LG},
  adsurl        = {https://ui.adsabs.harvard.edu/abs/2014arXiv1412.6980K},
  adsnote       = {Provided by the SAO/NASA Astrophysics Data System}
}

@article{2016arXiv160904747R,
  author        = {{Ruder}, Sebastian},
  title         = {{An overview of gradient descent optimization algorithms}},
  journal       = {arXiv e-prints},
  keywords      = {Computer Science - Machine Learning},
  year          = 2016,
  month         = sep,
  eid           = {arXiv:1609.04747},
  pages         = {arXiv:1609.04747},
  archiveprefix = {arXiv},
  eprint        = {1609.04747},
  primaryclass  = {cs.LG},
  adsurl        = {https://ui.adsabs.harvard.edu/abs/2016arXiv160904747R},
  adsnote       = {Provided by the SAO/NASA Astrophysics Data System}
}

@BOOK{2012sdf..book.....J,
       author = {{James}, John},
        title = "{Spectrograph Design Fundamentals}",
         year = 2012,
       adsurl = {https://ui.adsabs.harvard.edu/abs/2012sdf..book.....J},
      adsnote = {Provided by the SAO/NASA Astrophysics Data System}
}

@ARTICLE{2021ApJ...907...40P,
       author = {{Pope}, Benjamin J.~S. and {Pueyo}, Laurent and {Xin}, Yinzi and {Tuthill}, Peter G.},
        title = "{Kernel Phase and Coronagraphy with Automatic Differentiation}",
      journal = {\apj},
     keywords = {Direct imaging, Astronomy data analysis, Optical interferometry, Coronagraphic imaging, Astronomical simulations, 387, 1858, 1168, 313, 1857, Astrophysics - Instrumentation and Methods for Astrophysics},
         year = 2021,
        month = jan,
       volume = {907},
       number = {1},
          eid = {40},
        pages = {40},
          doi = {10.3847/1538-4357/abcb00},
archivePrefix = {arXiv},
       eprint = {2011.09780},
 primaryClass = {astro-ph.IM},
       adsurl = {https://ui.adsabs.harvard.edu/abs/2021ApJ...907...40P},
      adsnote = {Provided by the SAO/NASA Astrophysics Data System}
}


